1653 2632
681 123 943 159 —199—

155 226 212 258 6a.
240 223 363 263 Corpus
392 223 487 255 datur
511 222 612 255 monti
637 221 724 262 Sina,
845 219 904 253 6b.
925 218 980 252 Ad
1003 218 1095 257 hanc,
1121 216 1221 256 virgo,
1245 224 1303 247 nos
1328 214 1431 246 invita

239 271 303 303 Sed
328 279 418 304 mens
443 271 561 302 transit
585 270 627 303 ad
654 269 763 301 divina
926 266 1027 298 Tuam
1051 265 1178 296 salvans
1201 263 1235 294 in
1259 263 1321 294 hac
1345 261 1412 293 vita

286 319 416 352 lutrans
440 319 527 350 laeta
550 317 706 358 patriam3
973 313 1113 353 Agentes
1138 310 1331 343 memoriam.

232 384 315 412 Miss.
336 392 390 411 ms.
413 383 641 412 Sanblasianum
662 390 737 410 saec.
759 378 803 418 24.
820 379 890 407 Uod.
912 378 941 406 S.
954 377 1042 405 Pauli
1063 377 1100 404 ad
1112 375 1277 403 Laventum
1297 374 1401 402 memb.
1421 370 1469 400 42.

572 474 639 506 265.
679 472 725 504 De
745 472 855 503 sancta
874 468 1062 502 Katharina.

159 539 217 571 la.
245 537 337 577 Veni,
363 539 473 568 sancte
497 535 649 575 Spiritus,
850 531 907 565 lb.
928 530 1021 570 Veni,
1047 529 1200 568 splendor
1223 527 1371 568 numinis,

244 583 446 617 Katharinae
471 583 603 614 coelitus
931 577 1131 609 Katharinae
1155 575 1286 615 virginis

289 631 448 663 1nvitatus
474 630 599 669 merito,
978 624 1120 656 Mentem
1145 623 1271 662 replens
1297 621 1412 653 subito.

160 692 217 723 2a.
246 688 434 722 consolator
459 686 589 726 optime,
849 681 908 715 2b.
930 682 969 714 ln
993 680 1104 712 labore
1129 679 1273 719 gratiam,

244 735 367 768 Doctor
393 734 604 767 disertissime
931 728 971 760 ln
994 727 1101 759 verbis
1125 725 1329 766 prudentiam

292 782 506 815 Katharinam
530 781 702 820 instruens,
979 774 1177 807 Katharinae
1200 773 1354 804 tribuens.

163 843 220 875 3a.
249 840 273 873 O
298 840 354 871 lux
380 838 575 877 beatissima,
852 833 910 867 3b.
932 832 1072 865 Pulchra
1094 830 1292 862 nobilissima

246 888 310 920 Per
336 895 430 927 quam
454 885 490 917 fit
516 883 698 925 gratissima
933 879 978 911 Et
1001 878 1154 918 magistra
1177 877 1316 908 maxima

293 935 398 974 Hujus
422 934 491 965 vita
513 931 656 972 virginis,
982 926 1088 965 Supra
1111 925 1194 957 vires
1217 923 1363 955 hominis.

163 994 222 1026 421.
248 991 347 1024 Lavit
370 990 457 1023 viros
482 988 631 1020 sordidos
852 984 910 1017 4b.
932 982 1037 1014 Flecti
1061 980 1138 1013 fecit
1162 980 1282 1020 rigidos

244 1039 290 1072 Et
314 1037 430 1078 rigavit
455 1036 563 1068 aridos
934 1030 978 1061 Et
1001 1029 1130 1060 reduxit
1154 1028 1250 1059 devio

292 1086 387 1125 Aqua
411 1083 598 1123 sapientiae,
982 1076 1036 1108 Ad
1059 1076 1159 1107 vitam
1180 1074 1335 1114 Justitiae,

166 1146 222 1177 5a.
249 1142 419 1182 Sapientes
446 1139 601 1172 Graeciae
857 1134 914 1168 5b.
934 1134 1026 1166 Haec
1047 1141 1107 1172 pro
1132 1131 1224 1163 nobis
1248 1130 1345 1162 hodie

250 1190 369 1223 Christi
395 1188 535 1220 subdens
560 1185 683 1226 gratiae
939 1181 989 1214 Sit
1011 1182 1148 1220 patrona
1171 1178 1284 1210 veniae

296 1237 424 1269 Artium
451 1234 578 1275 peritia.
986 1228 1026 1261 In
1051 1226 1179 1258 coelesti
1204 1225 1315 1265 gloria.

241 1302 362 1338 Antiph.
377 1303 406 1328 et
418 1299 506 1328 Grad.
520 1298 703 1326 Nivernense
717 1303 792 1322 saec.
809 1291 853 1321 12.
868 1293 937 1321 Cod.
951 1292 1112 1320 Parisiens.
1126 1290 1221 1317 Nouv.
1236 1296 1299 1324 acq.
1315 1285 1398 1315 1235.
1433 1285 1480 1313 (1(1.

169 1350 246 1370 saec.
269 1339 313 1368 14.
333 1355 372 1360 —
391 1337 450 1366 Die
469 1336 538 1365 Mei
559 1333 731 1363 bezeichnet
752 1331 802 1366 la,
826 1330 851 1359 1.

580 1426 644 1457 266.
684 1425 728 1456 De
749 1424 861 1455 saneta
882 1421 1073 1453 Katharina.

169 1496 225 1529 la.
250 1492 453 1526 Extollamus
477 1490 511 1521 in
535 1489 596 1520 hac
621 1487 674 1519 die
858 1483 914 1516 lb.
938 1481 1166 1516 commutantis
1193 1481 1295 1512 morte
1319 1477 1410 1510 brevi

251 1538 464 1573 Extollendas
492 1536 605 1568 laudes
630 1535 704 1575 piae
938 1530 1046 1562 Vitam
1071 1527 1241 1560 aeternalis
1266 1526 1346 1568 aevi,

301 1586 503 1621 Katharinae
526 1583 670 1624 virginis,
986 1577 1130 1617 Regnum
1155 1575 1241 1607 vitae
1264 1572 1417 1613 perpetis.

171 1649 227 1680 2a.
255 1645 280 1678 O
308 1652 401 1684 quam
425 1641 536 1675 mundi
560 1639 774 1677 salvatricem,
858 1635 917 1669 2b.
939 1635 1039 1675 Quam
1082 1642 1145 1665 non
1185 1632 1315 1664 vincunt
1358 1627 1485 1661 blandi-

1256 1680 1372 1715 menta,

257 1739 282 1772 O
309 1746 403 1779 quam
433 1736 514 1768 coeli
537 1733 749 1775 regnatricem
941 1728 1016 1760 Non
1040 1727 1212 1767 sophorum
1236 1725 1423 1765 argumenta

304 1785 408 1818 Decet
430 1784 510 1815 haec
534 1781 735 1822 pedissequa,
990 1775 1061 1807 Nec
1085 1783 1137 1806 ars
1163 1772 1368 1813 syllogistica.

175 1846 230 1878 3a.
257 1842 348 1876 Diris
371 1840 483 1881 poenis
507 1840 588 1871 haec
611 1837 743 1869 addicta
861 1832 920 1867 ab.
944 1832 1046 1864 Morti
1071 1831 1159 1870 cujus
1185 1829 1361 1869 exquisitae

256 1889 367 1923 Vincit
390 1896 498 1920 omnes
523 1886 582 1918 sed
606 1884 736 1924 invicta,
941 1880 1054 1917 Rotae,
1082 1886 1191 1910 serrae
1215 1876 1376 1917 gladiique

305 1936 415 1969 Vincit
440 1933 628 1974 eloquentia,
991 1925 1072 1966 Ejus
1099 1926 1211 1957 collisa
1234 1923 1384 1964 precibus

305 1984 400 2024 Fide,
425 1981 592 2023 patientia.
994 1973 1162 2013 Quaternis
1185 1981 1294 2004 morsu
1317 1970 1472 2002 millibus,

175 2047 232 2079 43..
258 2044 322 2076 Per
340 2042 424 2073 hanc
440 2048 518 2082 grex
530 2036 803 2079 philosophorum,
862 2033 922 2068 4b.
945 2032 1072 2066 Christo
1099 2030 1234 2063 credunt
1259 2031 1291 2060 et
1314 2027 1471 2060 recedunt

258 2089 464 2130 Imperatrix,
491 2086 584 2127 plebs
608 2084 781 2116 multorum
947 2080 1025 2113 Cum
1048 2082 1187 2111 tremore
1211 2077 1250 2109 ab
1277 2085 1385 2108 errore

310 2138 390 2171 Cum
416 2138 508 2168 coetu
532 2132 687 2166 nobilium
993 2127 1038 2160 Et
1062 2127 1187 2158 cultura
1212 2125 1409 2157 daemonum.

177 2200 232 2233 5a.
261 2197 362 2229 Fiunt
384 2194 440 2227 isti
866 2186 925 2220 5b.
946 2185 1012 2217 Pro
1038 2193 1099 2224 quo
1124 2183 1202 2215 torti

260 2245 373 2278 Testes
398 2240 528 2282 Christi,
948 2232 1022 2265 Non
1048 2230 1193 2271 absorpti

306 2292 518 2328 Reverentur,
997 2280 1182 2313 Moriuntur

309 2338 511 2374 Confitentur
998 2328 1063 2362 Sed
1091 2328 1266 2359 nascuntur

358 2388 431 2428 Ore,
455 2384 552 2418 corde
576 2382 762 2421 Dominum3
1047 2375 1142 2409 Coelo
1166 2383 1225 2415 per
1249 2372 1449 2413 martyrium.
