1653 2632
682 136 941 172 —216—

184 238 243 270 4a.
268 236 354 268 Ante
376 244 447 267 reos
470 235 560 276 virgo
587 234 683 266 ducta
866 232 925 265 41).
950 232 1032 270 Quos
1053 231 1189 272 ignorat,
1215 239 1279 262 non
1304 229 1425 271 adorat,

266 283 370 323 Negat
397 283 484 322 deos,
511 281 623 313 crescit
647 281 743 320 lucta,
951 278 1110 311 Christum
1120 280 1214 317 amat,
1229 277 1476 309 huncacclamat

318 331 398 370 Quia
423 332 525 362 cassat
547 329 634 361 vitIa.
996 325 1131 358 Manens
1156 325 1190 357 in
1213 324 1338 365 peritia.

184 389 240 420 5a.
267 388 398 419 Praeses
428 386 543 418 stridet
574 387 603 416 et
635 384 783 423 minatur,
868 382 925 415 5b.
949 382 1056 422 Virgis
1083 382 1175 414 caedi
1195 381 1287 421 jubet
1313 389 1391 413 eam.

267 435 396 474 Quando
410 433 508 473 videt,
523 432 607 472 quod
616 433 785 470 spernatur
951 429 1049 463 Jubet
1073 430 1170 469 laedi,
1194 429 1282 460 tradi
1306 437 1393 460 ream

311 481 442 512 Decreti
468 479 616 511 conditio.
1000 476 1145 509 Carceris
1171 476 1337 516 supplicio.

183 537 240 571 6b.
264 537 348 569 Dum
371 537 494 568 inclusa
514 536 600 575 jacet
625 535 692 566 sola
869 534 926 567 6b.
947 533 997 565 Ne
1022 534 1155 565 terroris
1177 535 1297 573 pungat
1322 533 1424 572 spina,

267 585 367 616 Prece
391 582 461 615 fusa
487 582 592 614 cordis
616 582 690 613 nola
949 581 1080 621 Signum
1105 579 1194 618 foris,
1221 588 1295 619 spes
1319 579 1427 611 divina

311 630 491 662 Roboratur
516 630 628 670 gratia,
999 626 1173 661 Conferant
1202 627 1325 658 solatia.

184 689 240 721 7a.
264 689 295 719 A
320 687 457 727 maligno
484 686 666 726 deglutitur,
867 684 926 718 7b.
948 684 1082 716 Hostem
1093 686 1229 716 tractum
1239 692 1298 723 per
1309 683 1471 723 capillum,

269 734 377 768 Crucis
403 734 492 773 signo
519 733 695 765 custoditur
949 731 1014 763 Sub
1039 740 1073 762 se
1095 732 1216 771 jactum
1246 731 1348 762 caleat
1383 730 1472 762 illum

310 781 379 813 Nec
403 781 493 812 obest
521 779 660 820 fallacia,
996 778 1116 810 Mentis
1138 779 1172 809 111
1195 779 1338 810 audacia.

183 840 238 871 8a.
266 838 343 877 Igne
369 840 458 869 cocta
481 846 545 869 non
571 836 741 874 combusta,
867 835 925 869 8b.
947 836 1033 874 Quae
1056 844 1115 874 pro
1135 834 1260 867 Christo
1285 835 1471 874 decollatur,

262 884 366 924 Digne
391 885 492 924 docta,
520 892 577 924 spe
601 883 732 915 robusta
952 881 1073 922 Sponso
1101 881 1226 914 Christo
1253 884 1419 921 coaptatur

311 932 432 972 Migrat
458 941 527 963 cum
551 931 696 964 victoria.
1000 929 1039 961 In
1061 929 1195 969 perenni
1220 929 1331 968 gloria.

186 990 242 1021 92.
267 989 388 1020 Aurum
414 988 497 1028 gerit
520 987 584 1019 fide
608 996 698 1029 pura,
870 985 931 1019 9b.
953 986 1123 1026 Myrrham
1156 985 1281 1018 Christo
1315 984 1471 1024 passionis

265 1035 427 1068 Castitatis
453 1034 544 1067 offert
567 1035 672 1074 thura,
950 1033 1005 1072 Et,
1031 1035 1065 1064 ut
1089 1035 1180 1064 sanct
1205 1041 1316 1072 aegros
1344 1032 1444 1064 donis.

315 1082 391 1114 Cum
416 1082 466 1113 his
491 1081 585 1114 offert
608 1082 738 1113 tertium
999 1080 1128 1112 Obtinet
1157 1080 1387 1111 commercium.

161 1137 240 1171 10a.
267 1138 344 1170 Jesu
366 1138 458 1178 bone,
484 1147 541 1170 nos
567 1138 606 1170 ob
632 1138 725 1177 hujus
848 1136 929 1169 101).
952 1136 1019 1168 Nos
1045 1146 1065 1168 a
1090 1137 1287 1177 tempestatis
1313 1135 1412 1168 fundo

264 1185 359 1217 Salva
384 1194 506 1225 preces,
533 1184 616 1216 festa
642 1185 729 1224 cujus
950 1183 1020 1215 Duc
1045 1184 1088 1216 ad
1112 1184 1204 1223 huJ'us
1231 1185 1329 1216 ductu
1355 1183 1473 1215 mundo

311 1232 431 1264 Nostra
457 1233 564 1264 colunt
587 1232 704 1271 studia,
996 1231 1131 1263 Plausus
1158 1234 1189 1262 et
1213 1231 1365 1271 tripudia.

241 1307 327 1335 Grad.
348 1315 400 1334 ms.
423 1307 681 1342 Cranenburgense
708 1307 778 1334 anni
800 1304 881 1334 1340.
922 1306 1007 1334 meh:
1035 1306 1186 1342 Majestati
1205 1308 1416 1334 sacrosanctae.
1437 1322 1474 1325 —

164 1343 216 1378 2a,
238 1343 255 1371 2
278 1346 334 1371 site
354 1347 455 1371 vastae
475 1344 529 1371 Hs.

548 1460 616 1491 290.
658 1460 699 1491 De
721 1468 744 1490 3.
765 1459 866 1491 Maria
885 1459 1080 1499 Magdalena.

163 1539 220 1572 la.
249 1539 369 1581 Gaude,
395 1538 472 1570 felix
496 1539 697 1578 Magdalena,
849 1539 907 1572 11).
931 1539 1054 1579 Gaude,
1080 1538 1158 1570 felix
1184 1539 1347 1575 advocata,

247 1587 325 1626 Spes
351 1587 473 1626 salutis,
499 1586 585 1617 vitae
608 1595 699 1618 vena.
928 1586 1129 1626 Resurgendi
1153 1595 1264 1618 norma
1290 1586 1365 1618 data

292 1633 469 1673 Lapsorum
493 1633 629 1673 fiducia3
974 1633 1105 1665 Miseris
1130 1636 1201 1673 post
1227 1633 1315 1667 vitia.

164 1691 219 1722 2a.
245 1689 366 1730 Gaude,
395 1690 491 1721 lotrix
517 1690 634 1729 pedum
660 1690 787 1730 Christi,
848 1690 906 1723 2b.
931 1689 1053 1729 Gaude,
1079 1689 1171 1733 felix,
1198 1690 1267 1722 Deo
1292 1693 1393 1730 grata,

243 1737 274 1768 A
299 1746 359 1777 quo
383 1739 473 1768 tanta
497 1738 641 1769 meruisti
931 1738 988 1771 Cui
1015 1738 1144 1770 dimissa
1170 1740 1242 1769 sunt
1263 1741 1396 1777 peccata

292 1784 419 1816 Amoris
440 1784 595 1824 insignia3
979 1784 1119 1825 Speeiali
1144 1785 1256 1826 gratia.

167 1841 223 1873 3a.
251 1840 372 1881 Gaude,
398 1841 503 1880 prima
528 1841 622 1882 digna
647 1839 711 1872 frui
848 1841 905 1874 31).
931 1841 1053 1882 Gaude,
1080 1850 1160 1882 quae
1183 1842 1323 1881 septenis
1349 1841 1435 1873 horis

245 1889 322 1922 Jesu
341 1888 553 1928 redemptoris
577 1889 624 1920 tui
929 1889 975 1920 Es
1001 1889 1040 1921 ab
1068 1892 1158 1920 antro
1184 1891 1276 1920 vecta
1300 1888 1379 1920 foris

292 1935 455 1976 Surgentis
482 1944 552 1967 eum
571 1936 691 1976 gloria;
976 1937 1031 1968 Ad
1057 1936 1137 1968 coeli
1164 1936 1309 1977 vestigia.

163 1992 220 2024 43..
248 1990 370 2032 Gaude,
397 2001 477 2032 quae
500 2001 584 2024 nunc
608 1992 789 2024 sublimaris
848 1993 907 2026 4b.
929 1993 997 2025 Fac
1020 2002 1077 2024 nos
1103 1995 1207 2023 tecum
1228 1993 1402 2032 poenitere,

245 2038 289 2070 Et
315 2048 385 2070 oum
410 2038 535 2071 Christo
560 2040 707 2081 gloriaris
928 2039 974 2072 Ut
997 2042 1071 2079 post
1094 2042 1229 2071 mortem
1252 2040 1333 2071 lucis
1359 2048 1453 2071 verae

293 2086 330 2117 In
358 2086 486 2118 coelesti
512 2087 616 2126 curia3
978 2086 1154 2119 Sortiamur
1178 2087 1305 2126 gaudia.

241 2169 413 2197 Cantiouale
435 2179 488 2197 ins.
508 2170 738 2207 Vissegmdense
755 2171 783 2198 V
804 2170 827 2197 C
846 2179 862 2197 c
883 2180 901 2205 η
926 2179 1001 2198 saec.
1023 2168 1067 2198 15.
1092 2170 1127 2197 A.
1153 2187 1179 2191 —
1219 2169 1292 2198 Coti.
1318 2170 1476 2205 Pragensis

164 2206 207 2233 VI
228 2207 252 2234 C
270 2205 307 2234 20
327 2215 403 2235 saec.
426 2206 469 2236 16.
490 2208 524 2235 B.
545 2224 580 2228 —
600 2208 669 2236 0011.
691 2208 721 2236 S.
740 2209 822 2236 Petri
842 2208 1057 2244 Salisburgens.
1081 2209 1099 2236 b
1117 2209 1160 2236 VI
1179 2206 1206 2236 3.
1229 2208 1260 2235 C.
1281 2223 1320 2228 —
1350 2207 1419 2236 Cod.
1446 2208 1476 2236 S.

163 2244 244 2271 Petri
264 2244 477 2281 Salisburgens.
500 2247 517 2273 b
537 2247 568 2274 Π
588 2244 626 2274 24
645 2248 715 2274 anni
741 2244 814 2274 1538
834 2246 872 2274 D.

240 2283 456 2311 Ausdriicklich
476 2284 520 2311 als
542 2286 675 2321 sequenz
697 2284 865 2312 bezeichnet
893 2286 926 2311 iu
944 2284 987 2318 A;
1015 2284 1103 2311 Mei:
1132 2284 1335 2317 Quadriforme
1361 2285 1477 2319 signum

165 2321 259 2347 crucis
278 2320 338 2348 AB.
359 2337 396 2341 —
425 2321 473 2353 la,
497 2321 511 2349 1
541 2323 591 2358 pia
610 2322 788 2358 Magdalena
806 2323 844 2349 D.
866 2337 903 2342 —
924 2320 978 2350 lb.
998 2320 1015 2349 2
1035 2322 1129 2349 forma
1148 2322 1218 2350 data
1236 2322 1279 2352 D:
1307 2321 1401 2349 duleis
1428 2322 1477 2349 ad-

163 2360 267 2386 vocata
287 2357 395 2424 D3B2a
422 2360 482 2387 und
504 2358 547 2388 21)
569 2361 736 2396 umgestellt
755 2360 791 2387 D.
812 2375 850 2380 -—
869 2359 914 2387 4b
941 2360 1014 2387 fehlt
1033 2361 1070 2387 D.
1090 2375 1128 2380 —
1151 2359 1204 2387 41».
1228 2357 1240 2386 1
1265 2359 1324 2386 Fac
1344 2368 1398 2387 nos
1427 2359 1478 2388 hie

163 2397 312 2429 poenitere
359 2418 365 2424 .
