1653 2632
697 123 958 159 -190—

532 215 598 247 253.
637 217 681 248 Dc
700 225 724 248 s.
747 216 886 248 Johanno
908 213 1127 254 Evangelista.

590 288 620 321 1.
649 286 771 328 Gaude,
796 289 890 327 pater
913 285 1047 326 patriae,

178 344 233 375 23.
259 343 446 375 Aemulator
467 343 590 383 latriae,

261 389 449 429 Speculator
473 391 601 430 gloriae,

308 437 329 469 J
331 436 480 469 ohannes.

180 489 235 521 33.
264 487 386 527 Gaude,
413 496 505 527 quem
527 488 562 519 in
586 491 716 528 pectore

261 533 345 565 Divo
372 533 517 565 Christus
542 537 672 567 nectare

308 581 392 611 Potu
417 581 589 621 soporavit,

358 626 530 659 Johannes.

181 685 239 717 4a.
266 682 387 722 Gaude,
420 691 512 722 quem
537 683 665 715 oraculo

265 729 410 763 Christus
435 732 529 761 vocat
552 730 672 770 patulo,

362 776 533 809 Johannes.

186 835 242 867 53.
269 833 357 865 Audi
384 832 503 863 clerum

265 880 313 912 Te
338 879 493 911 sincerum

315 926 530 966 Flagitantem
555 926 688 966 cantico,

364 974 389 1007 Ο
415 974 589 1008 Johannes.

857 342 915 376 2b.
940 340 1062 380 Gaude,
1089 339 1163 379 quia
1186 337 1272 378 regio

937 388 1056 428 Fulges
1085 385 1265 426 privilegio,

985 435 1007 467 J
1008 434 1158 466 ohannes.

859 488 917 521 3b.
941 486 1064 528 Gaude,
1093 485 1144 517 cui
1167 484 1333 523 Dominus,

942 535 1044 568 Cruce
1068 533 1212 572 pendens
1231 531 1383 571 cominus,

988 581 1128 613 Matrem
1151 578 1394 621 commendavit,

1039 628 1211 660 Johannes.

865 684 923 717 4b.
947 684 1060 716 Gaude
1086 684 1167 716 coeli
1191 683 1270 716 solio

946 732 1070 763 Fruens
1095 731 1157 763 Dei
1180 730 1247 762 filio

997 777 1168 809 Johannes.

869 832 928 864 5b.
950 832 997 864 Ut
1020 841 1077 863 nos
1101 833 1258 864 mundans

951 878 997 910 Et
1018 877 1193 910 fecundans

1002 924 1064 957 Suo
1087 925 1200 964 jungat
1225 924 1352 968 gaudio,

1050 972 1074 1004 O
1100 971 1273 1005 Johannes.

263 1040 336 1068 Clm.
357 1040 526 1068 Monacens.
553 1037 601 1074 (01.
620 1037 797 1074 Tegurinus)
820 1035 858 1065 20
869 1035 934 1065 015.
958 1038 1028 1065 anni
1052 1035 1133 1064 1504.
1153 1051 1189 1055 --
1212 1035 1387 1073 „Sequentia
1408 1037 1444 1065 de
1462 1038 1496 1065 B.

184 1079 322 1108 Johanne
334 1074 553 1114 Evangelista“.
574 1093 612 1097 —
631 1076 700 1104 Mel.
720 1076 885 1103 vielleicht:
909 1075 1010 1103 Gaude
1023 1078 1106 1110 pater
1120 1076 1228 1111 optime
1239 1073 1289 1109 (W
1290 1074 1398 1111 enzel);
1420 1075 1498 1103 dann

185 1117 260 1145 fehlt
279 1118 344 1144 eine
364 1116 456 1151 Zeile;
480 1115 493 1143 l
516 1114 620 1152 gehort
638 1123 677 1141 zu
692 1112 736 1141 23
756 1114 832 1142 ohne
853 1113 1026 1150 Gegenzeile
1046 1115 1078 1140 111
1100 1111 1153 1140 21).

550 1206 617 1237 254.
656 1205 700 1236 De
721 1213 743 1236 s.
763 1204 906 1236 Johanne
923 1203 1140 1244 Evangelista.

189 1280 246 1313 la.
273 1278 441 1310 Illustrata
463 1276 536 1307 luce
560 1275 673 1315 prima,

272 1324 343 1356 Lux
366 1324 531 1355 illustrans
557 1322 643 1353 orbis
665 1322 739 1361 ima,

321 1371 493 1409 Johannes,
520 1368 575 1400 fax
598 1369 737 1408 luminis,

192 1431 248 1462 2a.
277 1428 382 1467 Supra
405 1428 516 1466 pectus
540 1426 619 1459 Jesu
644 1424 763 1457 Christi

270 1474 491 1507 Praedilectus
517 1472 673 1513 quievisti,

321 1522 453 1554 Sacrum
479 1520 676 1560 evangelium

190 1581 249 1613 3a.
276 1579 326 1611 Tu
350 1577 542 1610 Drusianam
566 1578 732 1616 mortuam,

273 1625 481 1658 Dilectricem
509 1624 720 1664 perspicuam,

322 1672 378 1705 Ad
402 1672 499 1704 vitam
523 1671 682 1703 revocasti

190 1733 247 1765 4a.
275 1730 448 1763 Silvestres
473 1728 579 1768 virgas
604 1726 767 1760 frondium

271 1778 316 1810 Et
342 1776 468 1817 lapides
491 1776 526 1807 in
550 1775 689 1815 pretium

324 1824 407 1857 Auri
432 1832 528 1864 prece
551 1823 691 1863 mutasti⁷

194 1884 249 1915 5a.
275 1882 361 1914 Miro
386 1881 480 1913 modo
504 1882 538 1912 te
561 1880 688 1919 zelavit,

276 1928 334 1961 Cui
357 1931 491 1960 matrem
517 1927 751 1960 commendavit,

325 1975 469 2008 Christus
496 1983 590 2007 cruce
613 1975 746 2015 positus,

196 2032 252 2063 6a.
276 2031 323 2062 Te
348 2031 526 2063 Johannem
549 2031 659 2063 visitat

275 2077 321 2108 Et
345 2080 379 2109 te
404 2077 547 2109 Christus
574 2082 727 2110 convocat

324 2125 477 2156 Bravium
502 2127 711 2168 sumpturum,

199 2178 253 2209 7a.
279 2178 342 2210 Per
368 2180 462 2220 hunc,
488 2181 575 2220 Jesu,
599 2190 658 2213 nos
685 2191 811 2224 corona,

278 2224 402 2263 Dulcis,
427 2227 522 2269 mitis,
548 2228 640 2259 nobis
662 2229 746 2260 dona

326 2271 473 2304 Paradisi
495 2274 660 2317 gaudium3

876 1273 933 1307 lb.
959 1273 1029 1305 Lux
1056 1274 1183 1305 illustra
1206 1283 1264 1306 nos
1289 1274 1404 1314 opima,

958 1320 1058 1353 Carus
1085 1321 1156 1352 dele
1179 1324 1270 1352 vetus
1295 1321 1386 1363 zima,

1003 1368 1097 1399 Zelus
1123 1369 1236 1399 summi
1264 1368 1412 1400 numinis.

875 1424 932 1457 211.
952 1425 1172 1457 Praedilectus
1197 1427 1232 1456 tu
1257 1425 1382 1465 suxisti,

956 1471 1114 1504 Mundum
1138 1474 1244 1503 rectus
1268 1471 1421 1512 refecisti,

1004 1519 1169 1559 Virginale
1193 1519 1304 1552 lilium.

876 1575 933 1610 310.
955 1575 1075 1607 Bibens
1099 1579 1210 1615 potum
1234 1575 1396 1608 letiferum

957 1623 1031 1655 Non
1054 1632 1167 1662 passus
1193 1631 1226 1655 es
1250 1624 1437 1665 periculum,

1004 1669 1182 1702 Defunctos
1207 1671 1380 1704 suscitasti.

875 1727 935 1761 4b.
954 1727 1046 1759 Dura
1073 1736 1151 1759 saxa
1174 1727 1313 1768 littorea,

959 1776 996 1808 111
1021 1773 1126 1806 frusta
1150 1783 1288 1815 gemmas
1313 1784 1412 1808 aurea

1007 1823 1047 1855 In
1071 1821 1206 1854 formam
1229 1823 1402 1857 renovasti.

880 1879 939 1913 5b.
959 1879 1077 1912 Diens:
1104 1879 1191 1911 Ecce
1216 1882 1320 1912 mater
1346 1883 1411 1921 tua,

964 1927 1139 1960 Cruentata
1163 1936 1259 1959 carne
1279 1937 1337 1960 sua

1010 1974 1131 2007 Saevae
1155 1975 1252 2007 morti
1276 1975 1426 2009 traditus.

876 2032 939 2065 61).
965 2032 1015 2064 Tu
1039 2032 1224 2072 speluncam
1248 2041 1436 2074 praeparas,

961 2081 1002 2112 In
1030 2089 1092 2120 qua
1115 2080 1236 2121 nudum
1260 2083 1294 2112 te
1318 2081 1407 2113 locas

1012 2127 1107 2160 Coelo
1133 2130 1349 2168 regnaturum.

884 2183 943 2217 7b.
965 2184 1010 2215 Et
1033 2187 1079 2222 tu,
1105 2185 1207 2226 virgo,
1232 2189 1336 2218 mater
1362 2186 1455 2230 bona,

966 2231 1039 2263 Lux
1065 2233 1224 2264 coelorum
1250 2236 1281 2265 et
1305 2237 1462 2276 matrona,

1015 2279 1115 2311 Placa
1138 2283 1228 2314 tuum
1251 2280 1363 2315 filium.

276 2332 348 2359 Clm.
362 2334 529 2363 Monacens.
549 2335 597 2371 (ol.
612 2337 902 2374 Sanemmeramens.)
917 2339 953 2368 14
963 2340 1027 2370 343.
1043 2344 1113 2370 anni
1128 2341 1212 2371 1351.
1226 2358 1263 2362 —
1276 2344 1329 2372 Als
1343 2345 1514 2384 „Sequenff‘

199 2369 378 2397 bezeichnet.
