1653 2632
157 240 216 272 3a.

159 391 216 424 422..

162 588 207 619 5a

163 785 217 817 6a.

163 888 219 919 va.

164 992 218 1023 8a.

191 1394 209 1426 1

192 1545 212 1576 2

193 1697 212 1728 3

191 1847 212 1878 4

194 1999 212 2030 5

194 2147 249 2178 6a.

196 2298 249 2328 7a.

238 239 293 271 Ad
317 239 399 271 hanc
422 241 528 270 mente

243 286 381 318 cucurrit.
406 286 501 318 avida

240 334 315 365 hinc
337 334 531 374 Magdalena
555 333 668 365 Maria.

242 390 312 422 Nec
336 390 377 421 ad
401 390 471 430 pias

239 437 339 477 ipsius
363 437 510 468 lacrimas

245 484 352 515 divina
375 487 553 516 remoratur

243 529 329 561 flecti
356 528 530 571 clementia,

212 612 220 619 .
246 586 270 618 O
294 584 404 617 felices
429 585 531 618 felicis

242 633 384 664 mulieris
408 633 569 677 lacrimae,

243 678 351 711 felicia

242 729 356 758 nactae
380 726 491 757 salutis
517 727 649 766 gaudia!

245 782 419 822 sequamur
444 784 590 822 exempla

244 830 335 861 nobis
359 830 535 871 proposita,

245 886 292 919 Ut
315 894 384 917 cum
409 886 480 925 ipsa
502 886 626 918 veniam

243 935 461 973 promerentes
486 936 518 964 et
541 935 675 973 gratiam

243 990 374 1043 Amnuat
397 990 487 1021 nobis
511 990 574 1021 ista

246 1045 313 1076 ejus
337 1045 435 1076 prece

246 1093 304 1123 pro
329 1084 420 1115 nobis
445 1084 567 1126 sedula,

775 139 843 175 218
895 159 940 165 ——

843 235 900 269 3b.
924 236 988 268 Sua
1014 232 1132 266 deflens

922 282 1061 314 ubertim
1087 280 1218 312 crimina

924 329 1048 361 veniam
1072 336 1169 368 prece
1190 326 1340 367 postulat,

843 386 903 420 4b.
930 385 1047 425 Culpas
1071 385 1100 416 ei

925 432 1059 465 remittit
1083 431 1235 471 pristinas

921 481 1083 519 multaque
1107 479 1154 510 sui
1179 480 1268 509 notat

925 527 1040 559 amoris
1065 526 1179 566 gratia.

843 584 900 618 5b.
922 586 1009 622 Quae
1033 581 1136 614 fuerat
1162 580 1295 613 sordida

921 631 1095 669 Babylonis
1119 628 1196 668 filia,

924 678 1101 710 Jerusalem

923 724 961 757 fit
987 733 1059 756 ecce
1082 724 1188 763 proles
1213 722 1325 754 nitida.

844 781 901 814 6b.
924 781 1091 812 Diluamus
1115 782 1226 811 nostra

925 826 1030 859 flendo
1054 826 1246 866 peccamina.

844 884 903 916 7b.
924 883 1097 916 Pervenire
1122 882 1272 914 coelicam

927 931 1089 962 valeamus
1113 930 1155 961 ad
1178 928 1325 968 patriam.

847 987 906 1021 8b.
929 987 989 1025 Qui
1013 986 1192 1026 gubernans
1217 983 1332 1020 omnia,

929 1035 1015 1066 Deus
1036 1041 1130 1064 verus

929 1083 1041 1121 regnat
1064 1080 1099 1111 in
1122 1078 1258 1112 saecula.

239 1159 325 1193 Trop.
337 1165 385 1184 ms.
405 1157 434 1183 S.
447 1154 594 1190 Ebrulphi
605 1161 679 1181 saec.
695 1151 740 1180 12.
758 1152 827 1179 Cod.
841 1152 1002 1179 Parisiens.
1014 1149 1049 1178 10
1057 1147 1121 1177 508.
1135 1149 1193 1176 Mit
1200 1148 1269 1175 Mel.
1280 1149 1312 1175 in
1320 1147 1426 1174 Noten.
1437 1160 1476 1166 --

165 1195 224 1224 2b.
247 1195 261 1223 1
284 1195 388 1222 mortis
409 1193 524 1221 avertit.
545 1206 582 1211 —
601 1190 654 1224 31³,
676 1189 693 1218 3
713 1191 832 1218 veniam
852 1190 932 1217 dulci
950 1197 1044 1225 prece.
1067 1202 1104 1206 —
1124 1187 1174 1221 43Ἲ
1198 1184 1212 1213 1
1234 1186 1300 1214 Hec
1320 1185 1354 1212 ad
1376 1186 1450 1220 pias.

462 1321 529 1352 293.
577 1320 622 1351 De
642 1327 681 1350 ss.
702 1319 803 1350 Maria
822 1318 944 1349 Salome
966 1318 998 1348 et
1018 1316 1180 1356 cleophae.

218 1403 246 1425 a.
273 1392 399 1424 Laudes
424 1391 549 1424 Christo
576 1390 788 1430 decantemus,

272 1439 415 1479 Hymnos
443 1439 548 1470 dulces
572 1445 777 1477 personemus

320 1486 445 1518 Mariae
469 1485 641 1524 sororibus,

220 1553 248 1576 a.
274 1544 361 1576 1stae
388 1542 469 1574 duae
492 1544 567 1573 sunt
591 1548 726 1579 sorores,

275 1590 395 1622 Stellae
418 1589 515 1621 maris
542 1591 574 1619 et
597 1590 671 1619 sunt
698 1585 792 1618 fiores

322 1638 420 1670 Pares
446 1636 518 1676 pari
543 1635 679 1674 nomine,

220 1704 247 1726 a.
275 1693 334 1726 His
363 1693 483 1725 duabus
507 1693 604 1724 Anna
629 1693 741 1731 mater,

275 1741 338 1773 Sed
362 1749 426 1772 non
451 1739 512 1771 fuit
534 1748 614 1770 unus
638 1741 732 1778 pater

324 1788 401 1820 Cum
425 1787 531 1819 MarIa
555 1786 688 1826 virgine,

219 1855 247 1878 a.
274 1845 398 1877 Primus
424 1844 525 1884 gignit
548 1841 778 1880 Christiferam‚

277 1892 432 1931 Cleophas
458 1890 558 1932 gignit
582 1890 715 1921 alteram

319 1939 367 1970 Et
391 1939 533 1970 Salomas
558 1937 696 1969 tertiam.

224 2005 252 2029 a.
279 1995 351 2026 Non
375 1994 505 2025 fuerunt
528 1994 589 2024 hae
613 1993 737 2024 steriles

277 2042 341 2073 Sed
365 2041 399 2071 in
423 2041 514 2079 prole
538 2040 661 2071 nobiles

324 2089 557 2120 Praecurrente
580 2087 694 2127 gratia.

275 2144 417 2184 Sequens
443 2145 491 2174 est
515 2143 627 2176 Jacobi
650 2146 762 2182 mater,

275 2192 334 2231 Qui
361 2191 477 2222 dicitur
502 2190 621 2222 Christi
645 2188 747 2221 frater

322 2239 363 2270 Iu
387 2238 604 2277 similitudine,

276 2294 459 2327 Zebedaeus
486 2303 524 2326 ex
549 2295 614 2325 alia

274 2343 295 2376 J
297 2342 429 2374 acobum
457 2342 497 2373 de
522 2341 651 2379 Galitia,

322 2389 483 2421 Johannes
507 2388 582 2420 huic
605 2388 753 2427 additur3

871 1388 929 1421 lb.
952 1387 1130 1421 Jubilemus
1155 1386 1206 1417 his
1230 1385 1394 1423 matronis,

953 1435 1040 1473 Quae
1064 1432 1213 1465 fruuntur
1239 1432 1319 1464 coeli
1344 1432 1434 1464 donis

1006 1479 1083 1513 Cum
1110 1480 1256 1520 supernis
1282 1479 1412 1511 civibus.

953 1538 1037 1570 Nam
1058 1537 1183 1570 Mariae
1208 1539 1281 1567 sunt
1305 1539 1444 1574 vocatae,

955 1586 1050 1618 Prole
1074 1586 1185 1616 sancta
1209 1586 1284 1615 sunt
1309 1583 1437 1625 ditatae,

1002 1634 1123 1665 Plenae
1144 1634 1253 1663 sancto
1277 1629 1414 1663 flamine.

955 1690 1039 1722 Nam
1064 1689 1210 1721 Joachim
1236 1690 1268 1719 et
1292 1687 1447 1727 Cleophas

956 1738 1070 1769 Annae
1093 1736 1218 1767 nubunt
1242 1738 1274 1767 et
1298 1734 1441 1767 Salomas

1008 1784 1219 1823 Subsequenti
1243 1783 1365 1815 ordine.

959 1841 983 1873 O
998 1850 1091 1881 quam
1100 1839 1188 1880 felix,
1203 1848 1297 1879 quam
1307 1838 1483 1879 praechara

959 1889 1054 1920 Anna
1078 1890 1181 1919 mater
1206 1890 1237 1918 et
1260 1895 1354 1926 quam
1379 1894 1463 1925 cara,

1008 1935 1139 1967 Trinam
1164 1935 1295 1974 gignens
1319 1932 1428 1966 filiam.

959 1992 1070 2024 Prima
1093 1991 1162 2023 Deo
1189 1991 1338 2022 dedicata

963 2039 1123 2071 Christum
1148 2038 1248 2079 gignit,
1270 2036 1407 2076 illibata,

1006 2086 1140 2117 Manent
1165 2085 1296 2117 claustri
1318 2084 1398 2116 lilia.

961 2141 1093 2182 Joseph‚
1115 2142 1224 2174 Simon
1241 2144 1270 2172 et
1289 2140 1483 2182 Thaddaeus

961 2190 1014 2222 Ex
1033 2190 1103 2229 hac,
1130 2192 1222 2229 pater
1244 2191 1292 2219 est
1305 2187 1481 2227 Alphaeus,

1011 2237 1109 2269 Sacro
1135 2236 1275 2277 gaudent
1297 2234 1434 2266 numine.

959 2293 1031 2325 Hae
1055 2296 1128 2326 sunt
1152 2295 1269 2324 matres
1293 2291 1438 2330 egregiae

961 2341 1005 2373 Et
1029 2343 1103 2372 sunt
1124 2341 1237 2371 Annae
1265 2341 1331 2369 tres
1355 2336 1452 2377 filiae,

1010 2388 1063 2420 Sic
1088 2387 1227 2419 fecunda
1250 2385 1407 2419 redditur.

873 1539 930 1571 ab.

876 1691 933 1724 3b.

877 1841 936 1874 4b.

880 1992 937 2025 5b.

880 2143 937 2176 6b.

880 2294 937 2328 7b.
