1653 2632
671 149 929 185 —271—

143 245 222 279 lla.
248 245 316 278 Nos
340 246 467 286 peccati
490 246 586 278 mersi
610 245 706 279 sorde
829 247 910 282 lib.
931 247 1042 279 Firma
1065 248 1196 286 stantes,
1221 246 1329 285 lapsos
1353 245 1441 285 tolle,

248 294 328 334 Tua,
354 295 448 333 pater
474 294 693 335 willibrorde,
934 294 1044 326 Noxas
1069 292 1170 333 aufer,
1195 293 1321 325 morbos
1345 292 1441 335 pelle,

295 341 461 374 Poscimus
486 341 646 382 suffragia,
982 341 1107 374 Christo
1132 350 1189 373 nos
1215 340 1358 374 concilia.

508 399 563 433 12.
590 398 636 431 Ut
658 401 733 438 post
755 398 849 438 hujus
872 397 968 430 finem
991 398 1078 430 vitae

590 446 701 478 Dicat:
727 446 843 486 Electi,
869 446 975 478 venite

637 494 692 525 Ad
716 502 854 533 superna
878 493 1003 533 gaudia.

219 558 307 587 Grad.
332 567 386 586 ms.
407 559 567 587 Sanetense
595 567 617 586 s.
643 560 718 595 sign.
747 567 822 586 saec.
844 557 888 587 15.
908 573 946 578 -
965 559 1047 586 Mel.:
1068 557 1218 592 Majestati
1237 558 1453 591 sacrosanctae3

143 605 183 624 zu
202 594 255 631 81»,
278 595 292 624 1
311 597 371 634 vgl.
391 597 508 632 Aleuin,
528 597 601 624 Vita
620 596 650 624 S.
673 595 859 624 willibrordi
878 597 945 625 Lib.
965 597 989 624 1.
1011 605 1073 632 cap.
1097 594 1141 624 10.

445 679 505 710 371.
545 679 588 710 De
609 687 649 710 ss.
670 679 804 715 Wirone,
825 679 1009 718 Pleclielmo‚
1031 678 1155 718 Otgero.

575 742 605 774 1.
632 741 686 773 Ad
709 741 822 773 laudes
847 740 1021 772 Salvatoris

632 791 667 820 ut
692 797 780 820 mens
804 788 955 820 incitetur
976 787 1117 827 humilis,

144 848 201 880 2a.
228 845 353 878 Sentiat
377 845 461 877 hunc
487 846 571 877 ‹liem
832 844 889 876 2b.
915 844 1054 876 Wironis
1078 842 1253 876 Plechelmi

224 894 312 933 justa
338 893 378 925 de
403 902 498 925 causa
522 892 679 925 celebrem
915 894 946 923 et
971 892 1079 931 Otgeri
1102 890 1263 922 memoria.

145 952 205 984 3a.
232 950 399 982 Hodierna
421 950 494 981 luce
832 949 890 981 310.
913 948 971 988 Qui
995 956 1121 987 semper
1144 948 1178 978 in
1204 946 1298 978 choro

227 998 351 1038 pariter
914 997 1094 1026 sanctorum

228 1054 305 1085 quos
330 1046 501 1077 veneratur
525 1043 672 1084 populus
914 1042 1084 1081 splendent
1107 1044 1144 1073 ut,
1168 1040 1256 1072 sidus
1280 1047 1419 1072 aureum.

144 1104 203 1136 4a.
229 1102 275 1134 Et
299 1101 483 1141 angelorum
509 1100 649 1132 coetibus
831 1099 892 1132 410.
918 1098 1037 1137 Quibus
1061 1098 1096 1129 in
1119 1098 1181 1129 hoc
1204 1096 1329 1128 saeculo

227 1149 306 1181 laeti
328 1149 489 1180 sociantur
912 1145 989 1177 fidei
1011 1153 1097 1177 nexu

228 1197 261 1228 in
287 1196 443 1236 supernis,
914 1193 1126 1225 sociabantur.

144 1256 201 1288 5a.
230 1254 289 1293 Qui
313 1253 413 1285 tritici
438 1262 527 1284 suam
833 1250 890 1284 510.
912 1250 1071 1281 Fideliter
1095 1258 1153 1280 sua

229 1301 351 1333 cunctis
378 1301 490 1332 dantes
514 1308 696 1331 mensuram
914 1297 1091 1337 partientes
1116 1296 1237 1327 talenta

227 1349 270 1381 ad
293 1347 370 1380 fidei
394 1348 501 1379 caulas
917 1345 1073 1376 dederunt
1098 1343 1140 1374 ad
1162 1351 1303 1373 mensam

228 1398 376 1428 vocantes
406 1395 546 1426 oviculas
913 1391 1042 1423 Domini
1066 1390 1242 1430 pecuniam,

227 1443 296 1484 lupi
319 1443 491 1475 vincebant
512 1441 655 1474 insidias.
914 1443 949 1470 ut
975 1439 1101 1478 dignam
1126 1435 1268 1468 facerent
1290 1444 1429 1467 usuram.

142 1502 199 1534 6a.
226 1500 319 1532 Beati
341 1499 375 1531 hi
398 1499 494 1538 servi,
833 1496 889 1530 61).
911 1495 1068 1528 Probatos
1092 1494 1126 1525 in
1150 1496 1238 1524 terra

227 1556 304 1588 quos
329 1546 503 1579 adveniens
526 1545 681 1577 Dominus
913 1551 1010 1582 super
1034 1542 1140 1574 omnia
1163 1540 1275 1572 statuit

227 1595 339 1635 vigiles
363 1594 495 1634 invenit,
912 1591 985 1622 illos
1007 1590 1041 1621 in
1065 1589 1180 1630 patria.

146 1655 201 1685 7a.
228 1652 283 1684 Ad
305 1652 418 1683 horum
443 1659 518 1692 ergo
545 1650 678 1690 gloriam
833 1648 892 1681 7b.
916 1647 1092 1680 Clamemus
1118 1654 1226 1677 omnes
1250 1645 1376 1677 cernui:

227 1699 451 1732 celebrandam
913 1697 1022 1727 sancte
1045 1693 1148 1733 Wiro‚

230 1747 376 1779 concinat
401 1746 503 1777 clerus
914 1745 1024 1774 sancte
1046 1741 1229 1774 Plechelme

226 1794 355 1826 laudem
378 1793 505 1834 dignam
915 1793 945 1822 et
971 1790 1098 1830 Otgere‚

230 1845 261 1873 et
285 1841 422 1882 populus
912 1837 1028 1870 vestris
1052 1837 1150 1868 hosce

226 1890 319 1922 laetis
343 1888 537 1929 respondeat
560 1888 700 1921 vocibus,
913 1884 1062 1926 precibus
1088 1892 1198 1924 greges
1224 1882 1384 1922 adjuvate.

145 1949 202 1981 8a.
229 1947 280 1979 Ne
301 1955 358 1978 nos
832 1943 891 1978 8b.
912 1943 957 1975 Et
981 1951 1038 1973 vos

229 1997 377 2027 aeternus
404 1994 533 2026 deserat
555 1996 676 2033 pastor,
913 1990 1016 2022 nostri
1040 1991 1180 2021 rectores
1206 1989 1315 2019 estote.

229 2043 287 2075 sed
312 2041 452 2074 furorem
477 2042 625 2082 luporum
916 2047 993 2079 quos
1017 2037 1071 2069 hic
1095 2036 1185 2068 dedit
1209 2035 1315 2075 operis

227 2101 247 2123 a
270 2090 362 2123 nobis
387 2093 505 2122 arceat.
914 2086 964 2118 sui
985 2085 1132 2117 vicarios.

143 2151 200 2183 9a.
229 2147 274 2180 Ut
298 2146 396 2180 fidem
418 2148 639 2179 inconcussam
834 2145 891 2179 9b.
913 2144 956 2176 Et
981 2144 1055 2183 post
1078 2142 1159 2173 haec
1183 2139 1357 2171 certamina

228 2199 391 2228 teneamus
414 2194 564 2235 operibus
913 2191 1076 2223 vobiscum
1101 2190 1135 2220 in
1160 2188 1261 2228 gloria

227 2244 321 2277 bonis
346 2252 473 2284 semper
498 2241 694 2274 fructuosam
917 2238 1109 2280 gaudeamus
1135 2236 1337 2275 sempiterna.

219 2312 379 2341 Missarum
400 2308 498 2337 officia
515 2317 568 2344 pro
589 2309 626 2336 iis
649 2308 860 2335 festivitatibus
882 2313 956 2342 qnae
976 2304 1103 2331 dioecesi
1115 2301 1369 2330 Ruraemundensi
1391 2302 1460 2327 sunt

140 2351 270 2388 propria.
311 2349 440 2377 Lovanii
465 2345 549 2376 1608.
574 2361 613 2365 —
638 2347 697 2374 Die
716 2346 849 2382 Sequenz
869 2346 910 2372 ist
930 2343 985 2376 alt,
1012 2341 1105 2370 leider
1124 2341 1213 2368 keine
1233 2340 1325 2367 ²‘il‘tere
1346 2338 1457 2373 Quelle.

142 2390 385 2425 Stanimsequenz
404 2388 446 2415 ist
464 2386 596 2415 Kebrein
615 2384 680 2413 465.
713 2385 750 2413 In
764 2383 891 2420 Strophe
911 2382 930 2410 4
949 2383 990 2409 ist
1003 2381 1073 2408 aber
1087 2378 1313 2414 derRhythmus
1327 2379 1457 2412 zei-stent,

139 2430 172 2458 in
193 2427 319 2464 Strophc
339 2424 358 2455 8
379 2426 522 2462 geiindert
541 2424 601 2452 und
621 2422 638 2452 9
658 2424 711 2452 hat
731 2425 796 2451 eine
817 2420 1038 2459 Gegenstrophe
1058 2418 1197 2446 crhalten.
