1653 2632
165 340 220 372 1a.

165 493 222 524 aa.

165 691 223 723 3a.

163 892 220 923 4a.

706 151 942 185 -13—

643 264 672 294 4.
712 263 756 294 De
777 271 817 294 ss.
838 261 1005 294 Trinitate.

249 340 355 384 Pater,
382 342 501 383 proleS,
527 351 653 374 sacrum
669 341 794 383 flamen,
856 342 913 375 lb.
937 341 996 380 Qui
1025 344 1206 373 sanctorum
1231 342 1305 371 sunt
1328 339 1478 381 solamen,

247 387 388 421 Nostrae
411 390 516 422 laudis
538 390 582 421 sit
602 391 762 430 Juvamen,
937 389 1022 427 Vita,
1049 388 1211 428 splendor,
1239 396 1314 426 pax,
1341 394 1480 426 oramen,

296 436 387 468 Finis
413 439 445 468 et
467 437 612 477 initium,
983 435 1092 468 Mores
1119 438 1151 467 et
1174 434 1377 475 stipendium.

249 491 294 524 Hi
319 495 392 525 sunt
417 502 512 533 pares
537 495 704 533 potestate,
856 493 914 527 2b.
937 492 1011 525 Pari
1036 493 1174 532 gaudent
1198 491 1350 530 bonitate,

249 539 348 572 Pares
372 540 406 572 in
431 540 631 580 aeternitate,
937 540 1012 572 Pari
1036 540 1160 580 pollent
1185 538 1348 579 dignitate,

247 586 432 620 Uniformes
454 587 587 629 unitate,
937 587 1013 619 Pari
1037 588 1145 619 lucent
1169 586 1324 625 claritate,

297 634 519 667 Gubernantes
545 634 659 667 omnia.
984 635 1082 667 Pares
1107 637 1181 666 sunt
1203 634 1238 665 in
1263 632 1373 673 gloria.

250 691 380 723 Patrem
404 691 510 723 nullus
534 691 727 731 procreavit,
855 691 912 724 3b.
935 692 1036 723 Amor
1060 693 1168 723 natum
1193 690 1386 728 humanavit,

248 738 367 770 Natum
391 740 485 778 pater
509 739 683 778 generavit,
935 740 999 771 Per
1023 747 1115 778 quem
1139 740 1231 778 pater
1255 737 1419 776 reparavit

248 785 312 818 Sed
336 786 376 818 ab
400 786 450 817 his
476 795 564 818 amor
589 786 726 826 spiravit
937 786 1115 828 Hominem,
1142 794 1234 825 quem
1259 783 1414 816 sauciavit

296 834 341 865 Et
364 834 467 874 spirat
491 834 676 874 aequaliter.
983 833 1078 873 Ligni
1102 842 1225 864 morsus
1250 832 1400 872 graviter.

247 889 317 922 Hos
344 890 511 924 distinctos
535 891 570 922 in
592 891 737 931 personis
855 890 913 923 4b.
934 890 983 922 Tu
1008 899 1076 929 nos,
1101 889 1199 929 Deus,
1227 889 1306 920 coeli
1332 888 1421 919 bonis

248 937 313 970 Sed
337 938 371 970 in
396 947 466 970 esse
491 941 523 970 et
544 938 578 970 in
605 939 696 970 donis
937 937 983 969 Et
1005 937 1171 970 beatorum
1196 936 1319 967 coronis

296 985 388 1018 Idem
414 994 484 1017 esse
509 985 677 1019 oredimus.
983 984 1063 1016 Frui
1087 983 1149 1024 fac,
1177 983 1385 1023 exposcimus

242 1051 314 1078 Cod.
335 1052 494 1079 Parisiens.
524 1049 597 1079 1343
624 1059 699 1079 saec.
729 1049 774 1078 14.
795 1065 831 1069 -
851 1050 909 1077 Mit
933 1050 1002 1077 Mel.
1022 1049 1089 1085 Vgl.
1117 1049 1165 1076 die
1189 1048 1374 1083 Bemerkung
1394 1047 1479 1074 Anal.

163 1089 263 1125 hymn.
283 1089 365 1124 VIII,
386 1098 415 1125 p.
439 1088 483 1116 11.

165 1272 222 1305 1a.

166 1521 221 1552 2a.

166 1721 223 1753 3a.

167 1873 223 1904 4a.

169 2025 225 2058 5a.

166 2227 221 2259 6a.

635 1190 661 1221 5.
701 1189 737 1221 In
756 1188 931 1220 Nativitate
950 1188 1009 1219 DN.

250 1271 366 1304 Omnes
383 1273 503 1311 gentes,
528 1269 673 1310 plaudite
693 1269 792 1301 mani·
856 1268 913 1301 11).
937 1268 1001 1300 Per
1012 1267 1095 1300 hano
1106 1270 1240 1299 matrem
1252 1266 1480 1306 venitlaetitia,

563 1318 633 1356 bus,

247 1366 335 1398 Deus
362 1367 444 1398 enim
471 1366 565 1397 datur
589 1363 779 1402 hominibus,
938 1364 1005 1403 Qua
1030 1363 1154 1395 deletur
1178 1361 1269 1394 Evae
1293 1361 1434 1401 tristitia,

248 1411 794 1453 NatumMariaepulsateprecibus,
937 1411 1107 1444 Oseulatur
1130 1418 1243 1449 pacem
1265 1408 1400 1448 justitia,

248 1461 295 1495 Ut
306 1470 364 1493 nos
376 1461 634 1494 solvatamundi
649 1459 793 1492 nexibus.
937 1459 1040 1491 Terra
1066 1457 1157 1490 dedit
1178 1457 1338 1497 promissa
1354 1457 1480 1497 gaudia.

249 1518 338 1551 Nutu
362 1519 463 1559 patris
855 1516 914 1549 2b.
936 1515 1045 1547 Tellus
1071 1523 1185 1556 rorem,

296 1566 353 1598 Vis
378 1565 495 1598 amoris
985 1563 1087 1595 Stella
1110 1562 1220 1603 solem,

248 1614 385 1646 Hortum
409 1613 521 1645 matris
936 1611 1037 1651 Virga
1059 1609 1171 1642 florem

343 1660 558 1694 Inflammavit
568 1669 574 1700 ;
1033 1657 1241 1690 Germinavit.

249 1719 348 1760 Virgo
373 1718 465 1758 virga
494 1717 686 1757 designatur,
855 1716 913 1749 3b.
935 1717 1008 1749 Hac
1030 1715 1065 1748 in
1089 1715 1175 1746 valle
1198 1713 1402 1745 tenebrarum

249 1766 390 1799 Mundus
414 1764 527 1797 florem
549 1765 735 1807 admiratur,
937 1765 1045 1805 Pater,
1071 1763 1156 1794 salus
1178 1762 1363 1800 animarum,

248 1815 313 1847 Per
338 1822 432 1853 quem
453 1812 597 1845 Christus
620 1810 787 1851 figuratur,
937 1810 1136 1843 Distributor
1160 1809 1343 1849 gratiarum.

249 1871 337 1903 Fons
362 1870 514 1909 signatus,
541 1871 636 1909 porta
661 1868 778 1907 clausa,
855 1868 914 1901 4b.
937 1868 1026 1902 Talis
1050 1875 1186 1906 namque
1211 1868 1357 1906 genitura

250 1918 345 1950 Patet
368 1917 437 1949 sine
461 1917 523 1949 viri
549 1924 651 1958 causa,
939 1915 1040 1947 Decet
1063 1914 1176 1954 Deum,
1202 1913 1289 1953 parit
1313 1921 1404 1952 pura,

297 1965 486 1998 Admiratur
510 1964 572 1996 hoe
593 1966 716 1997 natura.
987 1962 1170 1996 Creatorem
1195 1964 1350 1993 creatura.

252 2022 316 2055 Hie
340 2022 375 2053 in
400 2021 467 2053 sole
491 2020 659 2053 collocavit
857 2020 914 2054 5b.
939 2019 1101 2054 Consolati
1125 2019 1195 2051 visa
1218 2019 1289 2050 luce

298 2079 389 2102 suum
411 2069 659 2101 tabernaculum.
988 2069 1202 2107 cognoverunt
1225 2066 1404 2105 Dominum,

250 2118 404 2150 Visitavit
428 2116 643 2149 ambulantem
939 2115 1037 2155 Quem
1063 2117 1230 2147 venturum
1256 2113 1484 2153 exspectabant

296 2167 352 2200 lux
376 2166 410 2197 in
435 2167 529 2197 noete
555 2165 717 2204 populum.
986 2163 1220 2203 redemptorem
1245 2162 1395 2194 omnium.

249 2224 348 2265 Virgo
373 2222 503 2262 munda,
530 2221 618 2262 virgo
643 2222 707 2262 pia,
857 2221 915 2255 6b.
936 2220 1148 2252 Deeaeoatum
1173 2222 1303 2259 praesta
1329 2219 1440 2259 visum,

248 2272 417 2312 Templum
443 2270 514 2312 Dei,
541 2269 621 2301 coeli
646 2270 708 2310 via,
938 2268 1053 2301 Redde
1076 2267 1167 2300 nobis
1192 2267 1387 2307 paradisum,

296 2320 390 2352 Dona
412 2318 504 2351 nobis
530 2317 695 2350 caritatem
984 2316 1050 2349 Ubi
1071 2314 1144 2348 finis
1169 2318 1218 2347 est
1240 2315 1396 2355 laborum,

296 2367 341 2400 Et
364 2376 435 2401 oum
458 2365 578 2399 sanetis
602 2365 766 2399 unitatem.
986 2363 1156 2397 Plenitudo
1182 2363 1377 2404 gaudiorum.

242 2434 379 2471 sequent.
399 2442 453 2461 ms.
476 2432 596 2460 Amesti
616 2431 651 2459 de
663 2431 811 2460 Pardubie
830 2433 900 2460 anni
921 2429 995 2460 1360
1013 2428 1082 2459 Cod.
1097 2430 1192 2466 Capit.
1204 2430 1345 2468 Pragens.
1367 2439 1388 2457 s.
1410 2431 1485 2466 sign.
