1653 2632
138 200 191 231 5a.

137 351 192 382 6a.

672 100 910 134 —24—

218 197 308 229 Haec
332 206 390 238 pro
415 199 525 229 nostra
548 195 650 236 gloria

217 245 279 277 Dei
303 245 459 285 sapientia

264 293 371 325 Voluit
394 294 534 332 portare,

220 349 273 382 Sic
297 353 370 389 post,
393 349 476 381 hanc
497 347 655 379 miseriam

218 398 271 429 Ad
297 397 464 428 coelestem
489 395 624 435 patriam

218 444 281 476 Per
304 447 446 475 sanctam
469 442 634 474 victoriam

264 492 405 523 Palmam
434 489 621 526 deferemus,

818 195 875 227 51).

817 344 874 378 6b.

900 195 945 227 Ut
969 194 1120 226 mundum
1149 193 1322 233 despicere,

898 241 967 272 Deo
990 244 1096 280 grates
1120 249 1215 281 agere

946 287 1124 329 Discamus,
1151 295 1267 319 amare.

896 344 942 377 Ut
966 346 1042 375 tunc
1063 343 1182 376 Christi
1205 344 1353 384 stigmata

899 391 976 423 Cum
1003 391 1102 423 clavis
1128 394 1158 422 et
1184 391 1294 422 lancea

898 439 936 470 Iu
960 442 1090 470 aeterna
1114 438 1217 479 gloria

946 485 1078 526 Semper
1103 486 1302 518 honoremus

209 557 292 584 Miss.
311 564 361 583 ms.
386 555 609 590 Salisburgense
629 560 704 580 sace.
725 550 799 580 1⁴l15.
821 551 894 579 Clm.
913 552 1081 579 Monacens.
1104 549 1210 579 15719.

607 644 654 674 22.
691 643 733 675 De
755 641 887 674 Sindone
907 643 964 674 DN.

162 719 215 751 la.
241 717 373 754 Plaude,
401 715 480 747 coeli
504 714 695 754 hierarchia,

157 871 213 902 2a.

156 1022 212 1054 3a.

155 1174 211 1205 4a.

154 1326 209 1356 5a.

154 1524 209 1556 6a.

155 1677 209 1708 7a.

155 1875 210 1907 8a.

155 2027 199 2059 9a

240 764 333 796 Nova
356 766 446 795 sonet
470 762 636 794 harmonia

285 811 377 843 Novo
405 810 500 842 ducta
525 809 664 841 cantico:

240 868 360 907 Joseph
384 866 501 898 fratres
529 861 718 898 devestitu'm

240 913 758 954 Vendunt,mittuntinAegyptum

285 964 347 995 Pro
373 962 487 993 somnii
513 961 661 999 crimine3

235 1021 273 1053 In
295 1020 390 1052 Eliae
412 1018 509 1058 pallio

237 1068 280 1100 Et
307 1066 467 1100 samsonis
492 1065 595 1105 spolio

285 1115 406 1148 Sindon
430 1114 722 1153 praemonstratum

237 1172 314 1204 Exit
339 1170 426 1202 cibus
453 1170 493 1201 de
518 1169 641 1208 edente,

235 1219 342 1250 Favus
366 1217 470 1249 mellis
497 1217 537 1248 de
559 1217 685 1256 J'acente

281 1266 327 1298 Et
352 1265 487 1297 dulcedo
515 1264 555 1296 de
579 1262 672 1302 forti3

236 1323 361 1363 Tegunt
371 1325 493 1362 patrem
504 1322 575 1354 Sem
587 1323 618 1352 et
626 1320 646 1352 J
647 1321 754 1361 aphet,

237 1370 334 1410 Quem
361 1369 459 1402 Cham
484 1368 578 1405 ridet,
610 1368 684 1399 dum
709 1368 756 1399 sic

522 1417 619 1459 jacet,

282 1464 391 1496 Nudat
415 1464 485 1496 Noe
509 1472 670 1499 racemus3

238 1522 369 1561 Sindon,
394 1530 453 1561 per
478 1529 570 1561 quam
596 1520 713 1561 gaudia

235 1570 329 1602 Felix
351 1569 416 1608 jam
443 1568 577 1600 ecclesia

283 1617 415 1649 Sumens
441 1616 609 1656 exaltatur,

235 1676 359 1707 Aurum
382 1674 461 1705 latet
486 1673 686 1711 occultatum,

235 1769 329 1802 Sidus
352 1770 439 1808 jacet
464 1768 695 1807 obumbratum,

283 1816 424 1849 Granum
449 1816 528 1856 tegit
553 1815 666 1856 palea3

237 1874 358 1914 Gaude,
386 1873 464 1905 felix
490 1872 660 1913 Sabaudia,

237 1921 359 1962 Gaude,
384 1923 453 1953 tota
478 1920 622 1961 ecclesia,

281 1969 392 2000 Novae
414 1968 518 2000 laudis
543 1968 662 2008 gloria;

203 2051 209 2056 .
235 2026 312 2067 Rea,
339 2027 413 2064 pete
437 2024 596 2064 suffragia,

238 2073 355 2111 Clama,
381 2081 458 2104 voca
483 2071 611 2109 auxilia,

282 2119 378 2151 Plebs
404 2128 512 2159 egena.

133 2177 211 2210 ioan
238 2176 307 2207 Tua
330 2178 432 2207 morte
456 2175 636 2214 suscitatos,

235 2223 324 2255 Bone
348 2224 435 2262 Jesu,
463 2226 495 2253 et
517 2222 700 2261 redemptos

282 2270 383 2302 Prece
407 2278 533 2309 semper
558 2269 689 2301 credula

841 713 887 746 1b

840 863 900 896 2b.

840 1014 897 1048 3b.

838 1167 896 1200 4b.

840 1319 896 1351 5b.

838 1518 884 1551 6b

840 1670 885 1702 7b

838 1869 885 1904 812

839 2022 885 2055 9b

815 2173 886 2206 10b

892 738 897 744 .
921 713 1005 745 Huic
1031 713 1226 745 concordans
1251 713 1283 744 in
1309 713 1368 744 hac
1390 712 1443 744 via

922 761 1050 792 Laudes
1074 765 1200 800 promat
1226 760 1360 792 ecclesia

969 808 1083 840 Linteo
1111 808 1276 840 dominico.

923 863 1027 904 Luget
1050 863 1149 896 Jacob
1177 864 1361 895 devoratum

923 910 1062 943 Cernens
1078 911 1099 944 J
1101 911 1198 950 oseph
1220 911 1442 942 vestimentum

970 958 1117 989 Tinctum
1142 958 1238 989 hoedi
1260 958 1421 998 sanguine.

921 1014 1015 1054 Byssi
1041 1014 1124 1046 stola
1148 1015 1295 1055 cingitur,

926 1062 1070 1095 Christus
1094 1062 1160 1093 lino
1185 1062 1312 1103 tegitur,

969 1108 1144 1149 Sepulchro
1169 1109 1304 1141 locatur.

919 1167 1009 1199 Raab
1027 1166 1085 1197 sub
1103 1166 1169 1198 lino
1188 1165 1367 1206 abscondit,

920 1215 1018 1253 Quem
1045 1214 1133 1253 virgo
1158 1213 1273 1253 pannis
1295 1213 1441 1253 involvit,

969 1261 1127 1294 Christum
1137 1260 1330 1292 tradendum
1336 1261 1441 1294 morti.

919 1318 1017 1350 Veste
1041 1318 1161 1349 nudum
1188 1316 1375 1358 crucifigunt

919 1366 1046 1407 Judaei,
1072 1374 1162 1405 quem
1188 1365 1346 1405 sepeliunt

967 1460 1087 1500 Joseph
1114 1463 1145 1491 et
1169 1460 1374 1493 Nicodemus.

889 1544 896 1551 .
916 1518 1061 1550 Mentem
1085 1517 1186 1549 nubes
1212 1518 1326 1557 operit,

919 1565 1023 1597 Deum
1048 1565 1161 1597 sindon
1190 1566 1338 1605 contegit,

967 1612 1071 1645 Homo
1097 1612 1296 1644 sublimatur.

889 1670 1025 1702 .Radix
1059 1669 1203 1702 Christus
1242 1669 1317 1701 dum
1356 1679 1439 1702 mar-

1213 1718 1321 1758 cescit,

921 1764 1038 1796 Ramus
1063 1764 1156 1796 homo
1181 1767 1258 1796 tunc
1281 1765 1412 1798 virescit

969 1812 1066 1844 Salva
1088 1812 1151 1844 Dei
1174 1812 1259 1846 idea.

890 1895 897 1902 .
921 1869 1021 1901 Artus
1046 1868 1143 1901 fracti
1167 1869 1357 1906 solidantur,

921 1918 1020 1958 Aegri
1047 1921 1181 1949 currunt
1206 1920 1238 1949 et
1263 1920 1417 1950 curantur

971 1965 1129 1996 Virtutum
1155 1963 1344 2005 frequentia.

890 2047 897 2054 .
919 2021 988 2054 Deo
1012 2021 1125 2053 laudes
1150 2030 1209 2061 pro
1231 2022 1353 2054 lintheo

922 2069 1042 2102 Christi
1068 2068 1178 2100 demus
1203 2070 1338 2110 vestigio

991 2115 1078 2147 Voce
1102 2117 1208 2155 plena.

890 2198 897 2206 .
919 2173 1018 2213 Apud
1044 2182 1151 2204 curam
1175 2173 1238 2205 Dei
1262 2173 1365 2212 patris

922 2220 1000 2253 Cum
1024 2221 1174 2260 precibus
1198 2223 1272 2252 tuae
1296 2222 1410 2254 matris

968 2268 1162 2300 Commenda
1185 2276 1245 2307 per
1269 2269 1407 2302 saecula.

207 2335 342 2365 Officium
370 2338 399 2362 et
424 2335 517 2361 missa
539 2343 561 2362 s.
583 2334 735 2367 Sindonis‚
764 2333 914 2360 sudarium
935 2333 1046 2360 Christi
1066 2333 1228 2368 vulgariter
1247 2337 1442 2370 nuncupatae,

129 2385 181 2413 per
209 2382 310 2403 sacrae
337 2372 505 2408 theologiae
531 2372 725 2408 professorem
744 2372 877 2399 Fratrem
897 2371 1007 2398 ordinis
1027 2371 1277 2407 praedicatorum,
1304 2371 1444 2401 illustris-
