1653 2632
706 149 965 184 —242—

212 253 267 284 2a.
294 250 353 290 Qui
378 250 418 282 de
441 251 534 290 gente
556 248 766 280 Bohemorum
889 244 948 279 2b.
970 244 1009 276 In
1034 243 1168 274 salutem
1192 241 1399 281 plurimorum

290 297 392 330 Natus
417 297 502 329 velut
527 296 613 328 sidus
636 303 759 326 morum
972 290 1164 330 Sospitatem
1187 287 1385 321 infirmorum

338 344 511 376 Venustate
540 343 664 381 claruit,
1018 338 1107 370 Dans
1131 337 1203 376 pius
1229 335 1387 375 apparuit.

212 404 266 436 3a.
293 402 404 433 Novae
426 400 506 440 legis
530 408 629 431 novus
653 399 747 436 lator,
892 395 950 428 312.
973 394 1076 426 Docet
1099 402 1163 425 non
1187 394 1222 426 ut
1246 392 1411 423 simulator

295 448 404 481 Gentis
429 447 555 479 nativae
578 446 708 484 zelator,
973 441 1037 473 Sed
1061 440 1182 472 activus
1209 439 1437 479 contemplator

341 495 449 527 Novus
474 494 585 525 doctor
608 491 736 530 litteris,
1020 488 1109 520 Dans
1143 487 1320 527 exemplum
1343 485 1492 526 posteris.

212 554 269 585 4a.
295 550 409 583 Mundi
440 557 575 588 namque
598 546 676 580 flore
701 549 809 587 spreto
892 545 953 579 4b.
975 545 1013 577 In
1040 544 1157 577 deserti
1182 543 1299 576 mansit
1321 542 1415 580 freto,

293 597 446 637 Regulari
469 595 526 627 sub
554 596 680 627 decreto
974 592 1070 632 Cujus
1094 592 1157 624 loci
1183 592 1223 623 de
1246 594 1367 622 secreto

340 644 416 676 Sese
440 646 552 683 sponte
572 642 723 680 vinciens,
1019 639 1197 671 Daemones
1222 638 1361 678 ejiciens.

214 704 270 735 52..
298 701 349 734 Ibi
375 700 504 732 tandem
529 697 697 730 fabricavit
894 696 952 730 5b.
977 695 1096 735 Quibus
1119 695 1313 735 prophetans
1338 694 1492 733 precavit,

295 746 460 787 Templum
483 745 679 785 fratrumque
695 744 812 777 locavit
975 743 1059 775 Dum
1083 743 1248 782 pellendos
1273 741 1427 773 indicavit

342 795 498 826 Devotum
525 793 703 833 collegium,
1020 790 1119 822 Ducis
1143 798 1202 829 per
1226 788 1395 829 fastigium.

215 854 272 885 63..
299 851 362 883 Sed
379 860 454 890 quos
467 850 632 890 pellendos
640 848 812 889 praedixit,
896 847 953 880 6b.
976 846 1056 878 Nam
1072 855 1146 885 quos
1163 845 1294 885 foverat,
1314 845 1388 876 dum
1401 844 1491 878 vixit.

298 898 357 930 His
385 898 481 929 breve
505 900 630 937 tempus
654 894 812 937 praefixit,
978 893 1040 925 Pro
1065 893 1115 924 his
1139 894 1280 924 mortuus
1306 890 1446 923 conflixit

343 946 408 985 Quo
434 944 601 976 sufferrent
623 943 799 982 modicum3
1027 940 1189 972 Adversus
1215 938 1454 971 Theutunicum.

217 1004 271 1035 7a.
297 1002 382 1034 Hinc
403 1004 557 1044 tyrannus
584 1000 737 1040 effugatur
898 998 955 1031 7b.
978 997 1036 1028 Vir
1061 998 1187 1028 sanctus
1212 994 1408 1035 mirificatur,

296 1049 341 1081 Et
364 1049 467 1081 edicto
491 1048 719 1088 promulgatur,
979 1043 1151 1075 Praestans
1173 1042 1381 1083 quodcunque
1405 1050 1496 1081 roga-

1268 1092 1330 1129 tur,

348 1143 394 1176 Ut
417 1143 557 1174 insontes
581 1141 724 1174 redeant.
1027 1138 1093 1177 Quo
1117 1136 1230 1170 fideles
1256 1136 1425 1177 gaudeant.

219 1202 275 1233 Sa.
303 1199 410 1232 Caecis
424 1199 533 1237 visum,
546 1198 666 1229 claudis
676 1205 817 1237 gressum
899 1196 956 1229 8b.
979 1196 1064 1227 Acro
1092 1195 1244 1226 daemone
1267 1201 1448 1233 possessum

299 1246 474 1286 Reparavit
498 1249 528 1276 et
553 1253 738 1285 oppressum
981 1242 1147 1274 Liberavit
1172 1243 1204 1272 et
1229 1239 1404 1272 confessum

347 1293 507 1333 Lapidum
532 1292 686 1334 congerie,
1028 1288 1209 1321 Paricidam
1234 1288 1329 1319 carie.

220 1352 277 1383 921.
303 1351 393 1383 Idem
419 1350 493 1381 dum
516 1348 745 1387 interpellatur.
901 1346 960 1378 9b.
985 1345 1088 1378 Orbus
1112 1345 1203 1376 videt
1226 1347 1258 1375 et,
1283 1347 1438 1386 caecatur,

303 1397 422 1428 Fluens
448 1396 547 1427 amnis
573 1394 756 1434 congelatur
983 1393 1062 1431 Quia
1085 1401 1148 1423 non
1171 1392 1266 1431 plene
1289 1394 1440 1430 precatur

350 1445 389 1476 In
414 1443 543 1475 aestatis
563 1445 715 1481 tempore,
1030 1440 1093 1472 Pro
1118 1439 1229 1470 salutis
1255 1447 1360 1478 opere.

199 1503 277 1535 102..
303 1501 389 1532 Hinc
412 1508 557 1540 rogamus
582 1502 623 1536 te,
650 1501 794 1537 patrone,
878 1497 959 1530 10b.
981 1496 1012 1528 A
1036 1496 1198 1527 vindictae
1221 1504 1279 1527 nos
1303 1503 1454 1527 mucrone

301 1548 438 1580 Miseros
462 1547 573 1578 audire
598 1553 708 1585 prone,
984 1543 1117 1576 Salvans
1144 1543 1273 1574 coelesti
1297 1550 1430 1574 coronae

352 1594 411 1633 Qui
435 1597 483 1626 tot
507 1593 605 1633 signis
630 1593 748 1631 radias,
1033 1589 1234 1622 Conformari
1257 1588 1367 1621 facias.

272 1655 354 1682 Miss.
380 1663 432 1681 ms.
459 1653 655 1681 Altovadense
679 1652 812 1679 LXXVI.
838 1659 913 1679 saec.
942 1649 987 1678 15.
1007 1650 1042 1677 A.
1064 1665 1102 1669 -
1123 1650 1207 1677 Miss.
1234 1658 1287 1677 ms.
1306 1649 1503 1677 Altovadense

201 1691 265 1721 119.
292 1701 367 1720 aee.
393 1691 436 1719 15.
466 1693 497 1719 Β.
517 1706 555 1710 -
574 1691 658 1718 Miss.
684 1699 737 1717 ms.
765 1690 912 1725 Pragense
931 1689 1002 1717 XIV
1021 1688 1046 1715 B
1075 1687 1118 1715 17.
1144 1696 1220 1715 saec.
1247 1686 1291 1715 15.
1314 1687 1344 1714 Ο.
1364 1702 1402 1706 —
1421 1688 1504 1715 Miss-

199 1740 243 1759 ms
280 1732 426 1767 Praganse
450 1730 520 1757 XIV
545 1730 571 1756 A
598 1726 625 1756 3.
651 1736 726 1755 saec.
754 1726 797 1755 15.
824 1728 860 1755 D.
885 1742 923 1746 —
944 1727 1028 1754 Miss.
1057 1735 1111 1754 ms.
1133 1724 1227 1762 Capit.
1249 1725 1431 1753 Olomucens.
1458 1723 1504 1753 87.

202 1777 277 1797 saec.
309 1768 353 1796 14.
376 1769 413 1796 Ε.
440 1783 476 1787 -
501 1768 584 1795 Miss.
614 1775 666 1794 ms.
694 1766 887 1794 Olomucense
916 1773 991 1793 saec.
1023 1735 1414 1800 15.00‹1.Pb11›1.pu1›1.1
1438 1764 1453 1791 Ι
1478 1762 1505 1791 6.

200 1808 233 1835 F.
255 1824 293 1827 —
313 1807 363 1841 lb,
384 1804 401 1834 3
421 1807 606 1842 frequentant
619 1806 660 1839 A3
681 1804 921 1840 frequantentD3
943 1803 1108 1839 frequentet
1123 1803 1156 1830 F.
1177 1816 1214 1821 ——-
1234 1800 1287 1835 21),
1309 1799 1327 1828 2
1342 1802 1417 1837 Sosp
1419 1803 1506 1829 itates

199 1846 234 1873 B.
254 1861 292 1865 —
312 1843 366 1878 61),
388 1842 405 1871 2
431 1845 553 1871 mortuis
571 1843 605 1870 A.
627 1859 664 1862 —
684 1841 740 1873 6b
762 1839 779 1869 3
808 1842 946 1869 adversus
973 1842 1125 1869 inimicum
1145 1841 1183 1868 D.
1203 1855 1239 1859 —
1259 1840 1321 1874 71),
1343 1838 1358 1867 1
1388 1842 1506 1867 sanetus

200 1883 394 1920 praestolatur
414 1883 449 1910 D.
469 1897 508 1902 —
527 1881 579 1914 71),
601 1879 619 1908 2
639 1881 794 1908 Praestans
814 1879 889 1907 fehlt
905 1880 943 1907 D.
964 1895 1001 1899 —
1021 1878 1072 1914 9a,
1094 1877 1109 1906 1
1130 1878 1281 1906 Interdum
1301 1878 1335 1905 Α.

627 1954 692 1985 329.
731 1953 775 1984 De
794 1953 901 1984 sancto
924 1953 1082 1993 Procopio.

204 2013 260 2046 la.
288 2012 473 2044 Gratuletur
496 2013 604 2043 noster
630 2011 743 2042 chorus
886 2009 944 2041 lb.
970 2006 1033 2049 Qui
1060 2009 1120 2040 hac
1145 2008 1197 2040 die
1217 2007 1395 2039 laureatum

286 2059 395 2099 Sitque
420 2067 549 2090 concors
572 2061 603 2089 et
627 2066 759 2089 sonorus
966 2057 1005 2088 In
1031 2055 1219 2088 coelestibus
1244 2054 1373 2086 beatum

331 2106 434 2138 Deum
459 2105 642 2138 collaudans
666 2104 762 2144 pium,
1014 2103 1149 2135 Locavit.
1172 2102 1372 2142 Procopium.

206 2165 260 2196 2a.
286 2163 350 2195 Hic
374 2172 393 2194 a
416 2163 526 2194 mundi
550 2162 690 2193 vanitate
886 2160 944 2193 2b.
965 2160 1179 2200 Eremumque
1202 2168 1276 2191 mox
1300 2159 1458 2199 ingressus

287 2210 350 2242 Dei
370 2213 473 2242 tactus
496 2209 617 2249 pietate
967 2208 1147 2240 Desudavit
1169 2205 1348 2238 indefessus

336 2257 377 2289 Se
404 2257 562 2288 subtraxit
586 2264 732 2296 propere,
1015 2255 1054 2287 In
1078 2254 1189 2286 salutis
1215 2262 1320 2294 opere.

208 2315 264 2347 Sa.
290 2313 371 2345 Inde
396 2313 563 2345 daemones
589 2313 691 2352 ejecit.
889 2312 947 2347 3b.
970 2312 1081 2344 Mente
1104 2312 1173 2344 Deo
1198 2309 1402 2351 adhaerebat,

290 2360 372 2399 Quos
397 2360 485 2391 abire
509 2361 602 2400 longe
624 2359 700 2391 feeit
971 2359 1147 2392 Sanctitate
1171 2357 1395 2398 resplendebat

337 2408 375 2439 111
400 2407 519 2439 virtute
541 2408 695 2444 numinis;
1020 2407 1110 2439 Dono
1136 2406 1205 2438 veri
1229 2404 1367 2437 luminis.
