1653 2632
663 118 924 155 —130—

141 229 197 260 2a.
224 225 283 265 Qui
307 224 341 255 in
365 222 460 254 terris
484 220 583 260 fulget
608 218 706 258 signis
827 213 885 246 2b.
911 213 1008 245 Illum
1033 216 1159 247 semper
1185 204 1395 237 condecenter

271 272 317 304 Et
339 268 433 302 floret
457 266 637 305 virtutibuS,
958 258 1152 290 Veneremur
1174 251 1335 285 laudibus,

146 332 201 364 3a.
228 328 322 370 Fide,
349 329 433 366 voto,
460 324 557 356 corde
581 324 647 353 toto
829 316 887 349 3b.
909 313 1039 346 Transit
1080 309 1233 342 mundum
1271 308 1357 339 hunc
1396 305 1455 336 im-

1226 354 1377 386 mundum

275 422 338 455 Hie
361 419 506 453 adhaesit
530 416 676 457 Domino,
961 407 1040 440 Cum
1065 404 1144 436 flore
1166 401 1318 442 virgineo.

145 483 202 514 4a.
229 480 426 517 Carceratos,
454 474 648 513 desperatos,
830 465 888 499 4b.
909 464 1108 496 Excaecatos
1134 462 1167 491 et
1190 459 1320 491 vexatos

277 523 452 557 Defunctos
479 524 510 552 et
533 517 711 558 languidos,
960 508 1128 543 Liberavit
1152 506 1317 547 plurimos

147 586 203 617 5a.
230 582 315 614 Dum
344 578 519 611 translatae
543 579 616 606 sunt
640 573 754 605 beatae
833 569 891 602 sb.
917 567 981 600 Hic
1007 565 1205 603 contemptor
1230 559 1462 593 mundanorum

277 625 465 660 Bernwardi
490 622 653 662 reliquiae,
959 613 1108 647 Possidet
1135 609 1293 645 eoelestia,

229 677 321 708 Tunc
344 674 376 705 in
402 671 489 704 fossa
514 670 582 709 ejus
607 676 680 700 ossa
916 662 961 694 Et
987 659 1149 693 collaudat
1172 656 1359 696 angelorum

277 721 476 754 Redolerunt
498 717 626 757 optime.
963 707 1146 747 Principem
1169 705 1203 736 in
1227 701 1365 735 saecula.

150 783 204 814 6a.
230 779 318 819 Ergo
343 776 446 809 factus
470 782 555 806 nunc
581 772 731 804 cohaeres
835 767 894 800 61).
917 765 1017 807 Apud
1040 764 1146 804 ipsum
1168 763 1244 794 vota
1267 761 1378 791 nostra

279 825 405 858 Christo
429 823 463 854 in
487 819 676 853 coelestibus
965 814 1121 846 Promove
1148 817 1218 840 cum
1243 805 1404 847 precibuS.

151 886 207 917 7a.
233 881 280 914 Ut
302 883 376 921 post
398 879 493 918 hujus
514 876 610 909 finem
633 875 718 907 vitae
838 871 895 905 Ἡ).
916 871 956 903 In
979 867 1113 908 perenni
1136 872 1314 897 mereamur

277 929 322 961 Et
345 929 419 967 post
442 923 628 957 transitoria
968 915 1141 948 Exsultare
1166 911 1278 954 gloria.

226 1004 268 1031 Mi
329 1002 385 1029 Sle⁴
403 1001 521 1027 ‚vicinse
541 999 611 1033 imp.
632 998 665 1023 in
682 995 811 1022 Sleswic.
833 990 917 1020 1486.

603 1106 664 1138 169.
704 1105 747 1136 De
766 1103 874 1135 sancto
897 1100 1012 1133 Blasio.

155 1186 210 1218 la.
237 1182 346 1215 Sancti
368 1179 518 1219 martyris
542 1177 653 1218 Blasii,
841 1172 898 1205 lb.
922 1171 1009 1203 Hinc
1034 1178 1073 1201 ex
1100 1168 1196 1201 corde
1217 1166 1401 1207 jubilemus,

238 1228 403 1263 Pontificis
430 1226 546 1268 eximii,
924 1218 1057 1258 Semper
1082 1224 1207 1256 quoque
1229 1212 1409 1254 flagitemus

286 1277 427 1316 Agentes
452 1272 605 1305 solemnia
970 1265 1050 1304 Ejus
1075 1262 1265 1304 patrocinia.

157 1337 214 1369 222.
242 1333 302 1372 Qui
324 1334 418 1364 natus
444 1330 479 1361 in
504 1327 650 1361 Sebastia
840 1323 899 1355 2b.
921 1322 1049 1354 Morum
1073 1324 1180 1352 tamen
1204 1318 1355 1351 nobilitas

238 1380 288 1412 De
312 1377 440 1410 sublimi
463 1375 616 1416 prosapia
924 1370 974 1401 Ac
999 1369 1067 1408 ejus
1091 1368 1179 1400 vitae
1203 1366 1357 1398 sanctitas

289 1425 450 1460 Oriundus
475 1423 589 1463 patuit,
973 1415 1108 1456 Dignius
1134 1414 1273 1447 emicuit.

159 1488 215 1520 3a.
242 1483 364 1517 Probat
387 1482 448 1513 hoc
473 1482 603 1512 eventus
626 1477 684 1516 rei,
844 1474 903 1508 ab.
924 1473 1023 1514 Fugit
1046 1472 1081 1504 in
1104 1475 1244 1504 montem
1268 1470 1377 1510 Argei,

241 1531 387 1570 Namque
410 1529 484 1561 dum
507 1527 628 1559 athleta
650 1523 713 1556 Dei
927 1520 1056 1553 Bestiae
1079 1519 1261 1551 ministrant
1287 1518 1317 1549 ei

291 1574 515 1616 Persequentis
538 1573 659 1605 rabiem
976 1567 1179 1600 Postulantes
1203 1565 1355 1605 requiem.

159 1639 216 1671 421.
242 1636 274 1668 A
297 1636 399 1666 morte
423 1632 527 1664 salvat
551 1636 694 1670 puerum,
845 1626 905 1659 4b.
930 1626 1109 1664 Suspensus
1133 1623 1166 1654 in
1191 1622 1324 1662 equuleo

243 1683 369 1722 Lupum
393 1678 519 1712 reducit
542 1677 668 1715 iterum,
930 1671 1118 1705 Gratulatur
1141 1670 1244 1702 laetus
1267 1669 1336 1701 Deo

292 1729 337 1762 Ut
361 1727 516 1768 praedam
539 1724 705 1762 restituat3
976 1720 1090 1759 Aquae
1114 1718 1178 1749 vim
1204 1719 1346 1749 evacuat.

161 1790 216 1822 ba⁴
245 1785 370 1820 Glarior
394 1784 461 1816 sole
485 1780 657 1822 splenduit,
849 1777 907 1811 5b.
930 1776 994 1808 Pro
1018 1775 1069 1807 his
1096 1777 1128 1806 et
1151 1774 1260 1806 multis
1284 1774 1357 1806 aliis

248 1835 326 1868 Cum
349 1832 434 1864 nube
458 1839 522 1863 vox
546 1827 707 1869 apparuit,
933 1824 1005 1857 Suis
1031 1822 1150 1855 sanctis
1174 1821 1333 1862 suffragiis

291 1882 456 1913 Postremo
483 1876 677 1914 decollatur3
979 1871 1091 1903 Nostri
1115 1870 1315 1902 misereatur.

237 1957 321 1985 Miss.
342 1963 395 1982 ms.
419 1953 584 1980 Lubicense
603 1958 627 1978 s.
647 1950 723 1984 sign.
743 1956 819 1975 saec.
843 1946 885 1975 15.
906 1962 943 1966 ——-
964 1944 1017 1979 31›‚
1040 1944 1055 1972 1
1079 1947 1208 1973 montem
1222 1945 1323 1981 Arigei
1347 1944 1402 1972 Hs.

595 2059 656 2091 170.
694 2058 739 2089 De
759 2057 866 2088 saneto
885 2055 1041 2088 Cassiano.

167 2137 223 2172 ia.
251 2135 374 2174 Gaude,
400 2132 480 2166 felix
504 2131 646 2170 Brixina‚
853 2127 912 2161 ib.
935 2126 1031 2166 Cujus
1057 2125 1119 2157 Dei
1143 2126 1247 2166 gratia

249 2182 404 2214 Recolens
429 2179 582 2213 solemnia
934 2173 1028 2205 Fidei
1054 2173 1170 2205 notitia

295 2228 439 2261 Cassiani
462 2226 623 2266 martyriS,
982 2220 1029 2252 Es
1054 2220 1177 2252 imbuta
1196 2219 1333 2251 monitis.

168 2289 224 2321 2a.
250 2285 440 2318 Praeclarus
462 2283 516 2316 hic
538 2279 685 2323 pontifex
854 2278 914 2311 2b.
936 2276 1030 2318 Pugil
1055 2274 1295 2314 invictissimus,

251 2333 296 2365 Et
318 2332 472 2364 virtutum
496 2328 628 2362 artifexa
937 2324 1021 2356 Fide
1046 2321 1330 2361 constantissimus,

299 2380 424 2422 Unctus
449 2380 558 2409 sancto
582 2374 720 2414 flamine,
986 2370 1094 2403 Fortis
1118 2370 1152 2401 in
1178 2369 1358 2401 certamine.
