1653 2632
690 113 854 149 —247
904 131 949 137 —

191 208 246 240 73.
275 207 329 240 Sic
353 209 552 250 constrictus,
878 210 934 244 Vb.
958 211 1012 243 Sic
1035 210 1165 242 relictus

273 254 327 287 Sic
351 253 500 299 afflictus,
958 258 1022 290 Sed
1045 258 1181 290 invictus

273 302 408 343 Scissus,
434 303 527 336 fissus
955 306 1009 337 Ad
1036 304 1208 345 conflictus,

273 350 321 384 Ut
342 351 486 391 amictus,
957 352 1007 384 Ne
1032 353 1075 384 sit
1097 351 1199 392 fictus,

321 397 418 437 Quasi
440 397 498 430 flos
525 399 686 431 emarcuit.
995 400 1160 440 Principes
1185 399 1357 439 redarguit.

191 454 247 487 Sa.
274 454 483 487 Admirantes
878 455 935 488 8b.
956 456 1159 496 Fustigantes

272 501 495 543 Indignamur,
959 504 1147 543 Incitantur,

275 548 470 590 Sagittantes
960 551 1174 583 Verberantes

271 596 492 640 Increpantur‚
960 598 1157 638 Cruciantur,

323 644 483 676 Timorem
505 645 672 676 incutiunt.
1010 645 1162 686 Spiritum
1189 644 1359 677 excutiunt.

192 701 248 735 93..
275 700 340 732 Sed
365 701 439 732 dum
465 710 579 741 corpus
603 700 754 732 honorari
879 702 938 734 9b.
960 702 1006 735 Ut
1032 711 1101 733 cum
1124 705 1249 741 tempus
1273 701 1410 733 revelari

274 748 411 791 Timent,
437 749 549 780 volunt
572 748 735 792 occultari,
959 750 1066 789 Adsit,
1092 749 1195 789 possit
1217 749 1376 789 tumulari,

274 794 338 827 Sed
362 798 400 827 ut
422 796 557 836 possint,
583 796 746 836 aduncari,
959 798 1025 837 Quo
1050 797 1207 836 possimus
1232 796 1388 836 adjuvari,

323 842 477 875 Latrinae
500 843 692 876 immittitur.
1007 844 1148 876 Lucinae
1174 844 1388 876 committitur.

168 900 248 932 lOa.
274 899 449 940 Indagator
476 900 664 940 divinorum,
854 901 897 934 10
906 901 937 935 b.
959 900 1162 933 Reformator
1185 899 1390 939 infirmorum,

274 947 474 987 Propagator
497 951 750 987 praeceptorum,
960 948 1172 981 Conservator
1196 948 1239 979 sis
1264 955 1421 984 sanorum,

273 993 332 1026 Uti
355 994 438 1025 liber
462 994 687 1026 salvandorum
957 995 1037 1026 Frui
1061 1004 1141 1035 pace
1167 995 1208 1027 da
1233 994 1390 1026 coelorum

272 1041 396 1073 Nomen
420 1045 518 1082 tuum,
545 1042 593 1073 sic
615 1045 741 1072 tuorum
959 1042 1094 1082 Gregem
1116 1043 1222 1082 istum,
1247 1040 1443 1073 infernorum

321 1088 498 1128 Adscripta
522 1089 666 1120 retineat.
1003 1089 1179 1121 Tormenta
1201 1097 1242 1120 ne
1266 1089 1384 1120 timeat.

244 1145 328 1173 Miss.
348 1153 401 1172 ms.
423 1147 453 1173 S.
473 1145 602 1172 Victoris
622 1145 780 1172 Parisiens.
809 1153 883 1173 saec.
914 1144 957 1173 15.
985 1145 1054 1173 Cod.
1074 1146 1231 1173 Parisiens.
1262 1144 1367 1172 1444e.
1388 1145 1422 1172 A.
1442 1159 1480 1164 —-

165 1184 249 1211 Miss.
271 1192 325 1210 ms.
346 1183 513 1210 Parisiense
533 1191 607 1210 saec.
632 1182 674 1210 15.
697 1183 766 1210 Cod.
792 1182 951 1211 Parisiens.
974 1182 1080 1212 10508.
1112 1184 1195 1219 ¹,Gest
1218 1184 1294 1211 liure
1316 1181 1481 1218 appartient

167 1229 186 1249 a
204 1221 234 1248 la
255 1221 402 1249 confrarie
422 1221 472 1249 des
492 1221 651 1248 tonneliers
671 1221 774 1248 fundes
797 1229 833 1248 en
852 1221 884 1248 la
896 1221 1028 1257 chapelle
1042 1221 1145 1249 Sainct
1162 1223 1222 1250 bon
1242 1229 1260 1249 a
1280 1221 1383 1256 parisff‘
1422 1222 1480 1248 th

164 1260 234 1287 Mel.
256 1260 289 1287 Β.
312 1274 347 1278 -
374 1257 424 1292 21),
447 1257 464 1287 :3
484 1259 675 1286 Blandiantes
697 1261 726 1286 et
745 1258 881 1295 conjuges
900 1260 960 1287 AB.
983 1273 1020 1278 -
1045 1257 1096 1295 321,
1126 1259 1140 1286 1
1160 1260 1244 1287 Mile:
1275 1261 1375 1287 sancte
1389 1260 1422 1287 B.
1442 1273 1481 1278 ——

167 1297 219 1332 4a,
242 1297 255 1325 l
279 1297 336 1325 Cfr.
359 1297 434 1324 Acta
454 1296 506 1325 SS.
526 1297 594 1324 Jan.
609 1297 647 1329 Π,
670 1294 734 1325 638.
756 1311 791 1316 --
812 1296 863 1331 52,
887 1296 901 1324 l
923 1306 1094 1333 superorum
1108 1298 1140 1325 Β.
1161 1316 1200 1317 je
1220 1297 1272 1331 7a,
1292 1295 1310 1325 3
1330 1297 1349 1324 l.
1364 1298 1480 1333 pictus?

575 1359 641 1391 336.
685 1359 727 1390 De
750 1360 856 1392 sancto
880 1360 1075 1392 Sebastiano.

168 1414 226 1446 la.
253 1412 347 1444 Diem
372 1414 446 1452 agat
469 1412 629 1443 celebrum
858 1412 916 1446 lb.
941 1411 1125 1444 Consortem
1150 1412 1342 1452 archangeli,

251 1460 430 1492 Pretiosum
454 1463 627 1499 martyrem
938 1460 1053 1492 Parem
1076 1459 1196 1491 habent
1220 1459 1334 1499 angeli,

302 1507 458 1539 Recolens
485 1507 629 1547 ecclesia,
988 1507 1095 1540 Civem
1121 1507 1201 1539 coeli
1225 1507 1321 1540 curia.

168 1567 225 1599 23..
253 1565 362 1597 Pulvis
387 1564 615 1604 pigmentarius
857 1564 916 1597 21).
938 1564 993 1596 Ad
1017 1564 1162 1597 dextram
1181 1564 1214 1596 in
1240 1563 1431 1595 candelabro

249 1612 296 1644 Et
320 1612 399 1644 odor
423 1611 637 1653 suavissimus,
939 1612 1084 1652 Scyphus
1110 1615 1159 1643 est
1183 1620 1252 1643 cum
1279 1611 1410 1651 calamo,

297 1659 413 1692 Hostia
436 1657 580 1701 pacifica,
985 1659 1104 1691 Lilium
1130 1668 1200 1691 cum
1225 1659 1405 1699 sphaerula.

170 1718 225 1750 3a.
254 1715 422 1748 Gradatim
446 1715 643 1755 provehitur,
857 1715 914 1749 3b.
934 1716 1191 1748 Praeinstructus
1212 1717 1340 1749 laticem

251 1764 306 1795 Ad
330 1772 472 1795 mensam
495 1763 655 1802 statuitur,
938 1763 988 1795 De
1011 1763 1128 1796 Marah
1154 1764 1282 1796 calicem

297 1810 541 1851 Propositionis,
985 1811 1104 1843 Bibens
1129 1812 1295 1851 passionis,

168 1869 225 1901 421.
254 1867 388 1900 Gladius
413 1866 571 1899 carnificis
856 1866 915 1900 4b.
938 1867 984 1899 Et
1006 1868 1118 1900 Marco
1143 1869 1307 1908 perennia,

254 1916 368 1947 Terret
393 1915 578 1956 interasiIiS,
938 1914 1129 1947 Marcellino
1153 1916 1244 1956 paria

297 1963 412 1995 Allicit
437 1972 563 2003 corona,
985 1963 1160 1996 Pollicetur
1187 1964 1278 1998 dona.

169 2023 226 2055 5a.
256 2020 339 2060 Quos
364 2029 422 2061 spe
446 2020 532 2053 vitae
558 2021 768 2059 decertantes,
857 2018 915 2052 5b.
937 2020 1059 2061 Monet,
1084 2029 1126 2052 ne
1152 2020 1310 2064 deficiant,

253 2069 319 2102 Sed
343 2069 458 2111 timore
482 2067 671 2101 fiuctuantes
940 2067 1104 2109 Siquidem
1128 2069 1285 2109 recipiant

299 2116 362 2148 Tot
385 2116 470 2148 inter
498 2116 642 2156 pericula
985 2117 1016 2148 A
1040 2116 1176 2149 Domino
1202 2117 1352 2157 duplicia,

169 2176 226 2209 6a.
252 2174 317 2207 Zoe
344 2183 427 2206 uxor
451 2173 628 2206 Nicostrati
857 2173 915 2207 6b.
936 2173 1021 2206 Fide
1043 2174 1147 2217 plena,
1173 2182 1229 2214 spe
1253 2173 1389 2216 firmata,

252 2222 331 2255 Cum
358 2222 413 2262 eis,
440 2221 494 2262 qui
518 2223 593 2253 sunt
613 2221 750 2261 plantati
939 2220 1076 2253 Sanitati
1099 2224 1278 2254 restaurata

298 2271 337 2302 ln
362 2270 465 2302 electa
491 2269 593 2312 vinea,
985 2270 1081 2302 Vocis
1105 2270 1201 2302 solvit
1226 2279 1352 2311 organa.

167 2330 223 2363 73..
251 2328 305 2361 Sic
331 2336 464 2359 excurso
490 2327 595 2359 stadio
858 2326 918 2361 7b.
934 2326 1021 2358 Telis
1045 2328 1217 2368 expositus,

248 2376 455 2410 Sebastianus
481 2375 591 2407 bravio
938 2374 1144 2408 Consumatus
1170 2374 1305 2409 fustibus

294 2424 421 2458 Potitur
446 2423 663 2464 certaminum,
988 2422 1082 2456 Coelo
1107 2424 1217 2457 reddit
1240 2426 1398 2466 spiritum.
