1653 2632
702 127 958 162 —209—

171 214 226 246 321..
252 214 408 256 Reginam
441 220 536 258 partu
560 221 656 252 morti
682 221 797 263 datam,
862 224 919 257 3b.
942 226 1079 257 Militem
1104 227 1184 258 seris
1208 228 1363 260 inclusum

254 262 381 295 Prolem
407 274 521 297 novam
546 268 630 308 regis
653 272 760 301 natam
942 274 979 305 In
1006 275 1148 305 cavernis
1173 277 1279 307 terrae
1303 279 1425 309 trusum

253 310 316 342 Per
341 312 515 345 orationem
541 318 662 354 gratam
939 320 992 352 Ad
1017 321 1120 352 locum
1146 324 1249 354 artum
1268 326 1299 354 et
1316 324 1483 355 obscurum

300 358 331 389 A
356 362 459 391 morte
483 362 658 395 suscitavit.
987 368 1139 400 Potenter
1162 369 1320 402 liberavit.

169 415 226 447 4a.
252 413 373 447 Locum
395 425 453 449 rex
478 421 588 450 sancto
616 420 755 460 donavit,
856 422 914 454 410.
937 423 1041 455 Locus
1067 428 1115 456 est
1139 425 1241 457 siccus
1265 426 1298 457 in
1323 436 1411 468 gyro,

253 460 391 503 Campis,
418 465 507 496 silvis
533 465 617 497 hunc
643 467 774 508 dotavit,
939 471 1135 510 Impetrante
1160 475 1269 505 sancto
1295 474 1362 506 viro

250 508 369 541 Beatus
398 511 448 543 vir
472 511 653 545 aedificavit
937 517 1058 550 Fluunt
1081 528 1181 559 aquae
1204 529 1286 553 novo
1311 522 1390 553 miro

298 556 368 589 Dco
393 560 627 592 monasterium.
984 566 1047 597 Per
1070 566 1131 598 Dei
1155 567 1375 601 ministerium.

169 612 224 644 5a.
251 612 290 645 In
315 615 544 647 tenebrositate
570 617 668 649 densa
856 620 912 653 5b.
934 621 1056 654 Milites
1083 625 1295 656 custodientes

249 659 322 691 Lux
346 663 497 702 apparuit,
518 663 682 702 immensa,
934 669 1028 701 Facti
1052 673 1126 702 sunt
1149 672 1237 703 velut
1260 676 1399 704 amentes

249 707 366 739 Vincla
389 709 434 740 nil
460 714 595 749 prosunt
619 721 770 753 appensa,
937 715 1123 749 Claritatem
1146 718 1229 750 hanc
1252 719 1405 762 videntes,

297 755 378 787 Arto
403 756 473 788 loco
497 758 645 792 volvitur.
984 764 1117 797 Vinctus
1143 766 1251 797 statim
1274 767 1416 800 solvitur.

166 811 221 843 6a.
250 811 457 852 Peregrinum
482 814 641 855 liberavit,
854 818 912 852 6b.
940 819 1070 860 Hospiti
1096 830 1189 854 crura
1213 821 1412 864 franguntur,

247 858 375 891 Turrim
401 869 471 892 cum
497 863 628 894 castello
653 864 777 905 stravit,
934 868 1084 907 Tyranno
1112 870 1265 902 scandala
1289 874 1472 912 nascuntur,

247 906 360 938 Turris
385 916 479 939 ruens
504 917 579 948 pars
604 911 729 942 necavit
933 914 1046 946 Multis
1071 916 1232 948 miraculis
1257 921 1428 950 noscuntur

293 954 406 985 Plures
433 955 473 986 de
497 954 629 989 familia.
979 961 1040 993 Dei
1066 963 1234 995 mirabilia.

166 1009 184 1040 7
193 1017 220 1039 a.
249 1010 384 1042 Servum
409 1011 470 1043 Dei
496 1013 617 1044 crudeli
642 1023 744 1053 poena
851 1018 869 1049 ’7
878 1017 908 1048 b.
933 1017 1066 1049 Sanctus
1089 1019 1120 1050 in
1147 1020 1322 1060 Aquitania

242 1056 409 1089 Liberavit
432 1067 502 1090 cum
527 1063 648 1100 catena,
930 1064 1069 1096 Militem
1093 1066 1126 1097 in
1148 1067 1325 1107 Britannia,

248 1103 374 1144 Templi
402 1105 493 1137 duxit
516 1107 558 1138 ad
584 1116 724 1148 amoena,
935 1111 1069 1151 Captum
1093 1114 1221 1153 tyranni
1245 1115 1359 1154 mania,

292 1151 522 1185 Demonstrant
533 1154 613 1185 haec
625 1155 787 1189 miracula.
977 1159 1126 1192 Absolvit
1151 1161 1220 1192 sine
1243 1163 1375 1194 macula.

161 1207 215 1239 8a.
244 1207 290 1239 Te
317 1217 474 1249 rogamus,
501 1219 593 1242 serve
616 1211 688 1254 Dei,
848 1214 906 1248 8b.
929 1214 1023 1247 Solve
1048 1217 1154 1249 vincla
1178 1221 1390 1259 peecatorum,

242 1254 446 1296 Leonharde,
474 1261 602 1289 sanctae
627 1260 706 1298 spei,
929 1262 1034 1302 Seras,
1062 1264 1171 1303 cippos
1199 1265 1394 1306 delictorum,

243 1301 392 1334 Caritatis
419 1307 451 1335 et
474 1303 549 1336 fidei
929 1309 953 1341 O
980 1310 1121 1342 solamen
1147 1310 1347 1352 afflictorum,

290 1350 460 1382 Possessor
486 1354 518 1383 et
540 1353 739 1394 pincernula,
976 1357 1100 1389 Devote
1127 1357 1244 1390 Christi
1268 1361 1422 1394 vernula..

161 1405 217 1437 9a.
244 1406 351 1449 Pater,
380 1407 463 1439 abba
487 1410 679 1452 venerande,
847 1412 904 1444 9b.
928 1413 974 1445 Ut
997 1422 1017 1444 a
1040 1414 1133 1445 malis
1157 1423 1311 1455 eruamur,

239 1452 431 1486 Leonharde
455 1455 650 1497 honorande,
927 1459 977 1491 De
1004 1461 1128 1492 delictis
1155 1471 1410 1505 compungamur,

238 1501 318 1532 Alas
343 1510 440 1541 super
464 1511 521 1534 nos
549 1505 695 1543 expande
928 1507 973 1538 Te
994 1508 1126 1547 J'uvante
1151 1510 1377 1550 conjungamur

285 1548 374 1580 Tuae
397 1549 646 1590 misericordiae,
977 1554 1113 1587 Coelesti
1138 1558 1317 1589 concordia.

229 1612 366 1649 Sequent.
394 1623 447 1641 ms.
474 1615 692 1645 Cremifanense
719 1625 792 1645 saec.
821 1616 865 1646 15.
893 1617 972 1655 (post
991 1621 1074 1648 Miss.
1095 1621 1217 1649 Roman.
1246 1624 1314 1659 imp.
1336 1624 1470 1653 Venetiis

152 1648 237 1684 1484)
255 1651 289 1677 A.
311 1667 348 1671 —
368 1652 451 1680 Miss.
480 1662 532 1681 ms.
554 1655 583 1681 S.
603 1655 737 1683 Floriani
756 1656 801 1683 XI
828 1654 892 1685 385.
919 1665 994 1685 saec.
1024 1658 1068 1686 15.
1089 1660 1122 1687 B.
1143 1675 1179 1680 —
1199 1661 1283 1688 Miss.
1298 1671 1351 1689 ms.
1371 1663 1467 1690 Melli-

151 1695 237 1715 cense
263 1687 327 1717 987.
356 1698 432 1717 saec.
462 1689 506 1718 15.
535 1692 566 1718 C.
592 1708 631 1712 —
650 1694 734 1721 Miss.
763 1703 815 1722 ms.
843 1695 1024 1724 Vol-aviense
1049 1695 1085 1724 35
1112 1705 1187 1725 saec.
1217 1697 1261 1726 14.
1291 1700 1328 1727 D.
1349 1716 1386 1720 —
1406 1701 1468 1729 Der

149 1725 243 1753 Autor
269 1729 409 1762 gestattet
427 1729 491 1756 sich
517 1731 603 1757 einen
625 1731 857 1768 Versvorschlag
879 1742 938 1760 von
966 1736 1045 1762 einer
1066 1736 1261 1764 Unbetonten.
1283 1752 1320 1756 —
1342 1739 1398 1766 Str.
1425 1738 1468 1767 7a

149 1763 210 1790 und
230 1762 275 1792 8b
295 1764 393 1793 fehlen
410 1767 451 1802 A3
475 1766 531 1794 Str.
552 1767 594 1795 41)
616 1777 679 1805 sqq.
699 1770 798 1797 fehlen
810 1771 844 1798 B.
860 1787 898 1791 —
911 1769 962 1803 21³,
984 1773 1004 1799 4
1016 1773 1140 1807 Propter
1160 1775 1364 1804 rectitudinem
1381 1776 1411 1804 O.
1428 1793 1467 1797 —

149 1801 210 1834 41»,
232 1801 251 1829 4
270 1802 328 1830 Per
348 1803 405 1831 Dei
425 1806 597 1839 mysterium
617 1807 653 1834 D.
685 1823 712 1827 —
733 1806 791 1841 612,
815 1807 829 1836 1
852 1808 973 1845 Opificis
994 1819 1079 1838 crura
1098 1812 1132 1839 A.
1153 1827 1190 1832 —
1212 1811 1265 1847 71»,
1290 1813 1301 1840 1
1325 1815 1467 1843 Strictum

148 1840 179 1866 in
199 1839 363 1876 Aquitania
381 1840 418 1868 A.
439 1857 476 1861 —
498 1842 551 1877 7b,
575 1843 593 1871 3
614 1846 733 1879 tyranni
753 1847 896 1874 immania
913 1847 972 1875 Ao.

560 1921 628 1953 280.
667 1923 711 1954 De
731 1925 838 1955 saneto
859 1924 1050 1958 Leonhardo.

146 1978 201 2011 la,
228 1978 457 2013 Laetabundus
836 1984 894 2017 lb.
915 1986 1012 2025 Quem
1037 1986 1182 2027 profudit

228 2026 400 2060 Leonardo
427 2032 534 2062 cantet
559 2031 682 2071 chorus,
917 2034 1024 2066 Primo
1049 2033 1128 2067 flore
1151 2037 1232 2069 miro
1256 2047 1344 2071 more

275 2075 429 2117 Alleluja,
965 2081 1037 2113 Lux
1064 2083 1181 2116 divina.

142 2132 198 2163 2a.
227 2131 363 2165 Sanctus
388 2134 487 2175 signis
512 2133 630 2177 floruit,
833 2138 891 2170 2b.
915 2138 1096 2180 anciam,
1124 2150 1216 2180 quam
1243 2148 1383 2186 rexerat,

223 2180 303 2219 Quia
332 2190 414 2221 pure
440 2182 539 2215 coluit,
913 2187 1014 2219 Prece
1038 2188 1157 2220 munda
1182 2194 1312 2229 reparat

274 2228 468 2272 Creatorem,
962 2235 1013 2266 Ad
1041 2236 1191 2276 vigorem.

137 2287 192 2319 3a.
220 2286 275 2319 Ad
304 2287 464 2319 desertum
489 2288 603 2327 evolat,
829 2291 888 2325 3b.
909 2291 961 2324 Ibi
987 2301 1114 2325 carnem
1138 2299 1289 2337 macerat,

219 2334 334 2368 Nudus
361 2344 484 2368 crucem
509 2335 632 2375 bajulat
908 2339 959 2373 Ibi
982 2350 1127 2381 pugnans
1152 2348 1283 2383 superat

267 2383 465 2423 Salvatoris3
958 2388 1030 2420 Vim
1056 2390 1174 2423 adoris.

188 2443 302 2466 Dreves
310 2460 316 2470 ‚
332 2442 478 2471 sequentiae
490 2443 606 2467 Ineditae.
636 2444 667 2467 11.
1247 2448 1282 2477 14
