1653 2632
176 213 234 245 53.

174 365 232 396 63.

197 772 242 804 13

194 925 250 956 23.

193 1077 248 1108 33.

189 1229 246 1259 43.

186 1378 240 1411 53.

183 1532 239 1564 63.

182 1684 236 1718 73.

180 1837 237 1869 Sa.

179 1989 236 2022 93.

151 2189 230 2222 103.

149 2295 229 2328 113.

260 213 345 245 Vere
370 217 405 246 tu
431 215 571 249 delectas
597 227 707 252 sensus

259 260 375 293 Omnes
400 267 494 302 pastu
526 264 668 306 dansque
693 275 805 299 census

306 308 497 343 Meritorum
521 313 665 345 omnibus
677 324 684 353 ;

259 364 346 404 Jesu,
372 376 456 399 nunc
482 369 526 400 sis
552 374 711 413 3110131113,

260 412 350 452 Quod
375 423 432 446 nos
458 418 491 447 et
511 418 613 448 nostri
637 421 767 451 conatus

307 460 440 501 Semper
464 463 524 496 tibi
547 464 714 505 placeant3

812 124 856 159 37

866 222 923 255 5b.

864 373 921 406 6b.

946 223 1047 255 Parce
1071 224 1189 255 nostris
1210 225 1278 264 J'am
1301 226 1442 265 peccatis

945 269 990 301 Et
1014 270 1056 302 da
1079 279 1136 302 nos
1160 273 1193 302 te
1217 281 1311 304 nosse
1335 274 1407 305 satis

991 317 1037 349 Et
1061 318 1201 357 vigorem
1225 320 1380 352 sensibus.

945 373 990 406 Ut
1013 384 1033 405 3
1057 377 1090 406 te
1113 384 1176 406 non
1202 384 1395 415 separemur,

945 420 1008 453 Sed
1035 430 1213 454 crescamus
1239 426 1271 454 et
1294 425 1453 457 salvemur

992 468 1100 501 Sancti
1126 470 1172 501 tui
1196 474 1356 506 moneant.

250 525 333 553 Miss.
353 535 406 554 ms.
428 527 599 556 Andecense
618 538 694 558 saec.
719 529 763 560 15.
786 532 859 559 Clm.
876 533 1044 561 Monacens.
1065 533 1102 562 24
1110 533 1174 563 002.
1194 550 1232 554 ——
1251 536 1313 564 Aus
1334 537 1384 565 der
1399 538 1488 565 missa

172 562 209 590 de
230 566 412 592 sacramento
434 567 619 595 miraculoso.

609 686 659 717 44.
699 688 743 718 De
766 687 897 729 Corpore
920 689 1043 722 Christi.

246 799 252 805 .
280 772 375 805 Salve
400 782 516 814 corpus
542 775 728 812 Salvatoris,

277 821 344 853 Vas
371 821 531 861 dilectum,
557 831 614 854 vas
639 824 766 865 amoris,

325 869 390 900 Vas
418 868 546 901 divinae
570 870 708 913 gratiae·⁷

278 924 374 957 Salve
398 925 531 957 thronus
555 927 720 968 trinitatis,

278 972 398 1005 Solium
424 973 609 1017 divinit-atis,

321 1020 507 1052 Electorum
532 1021 650 1062 gloria3

275 1076 338 1107 Dei
362 1077 516 1116 splendor
541 1081 573 1108 et
595 1076 698 1117 figura

274 1123 336 1154 Est
359 1124 412 1154 hic
435 1124 537 1163 patris
562 1125 718 1165 genitura,

323 1170 492 1210 Speculum
521 1171 590 1203 sine
614 1172 754 1215 macula3

273 1227 338 1259 Hic
361 1228 498 1267 primum
522 1228 726 1268 principium,

268 1275 337 1306 Ens
364 1278 548 1307 cunctorum
575 1275 704 1313 entium,

317 1322 376 1361 Qui
401 1321 541 1354 firmavit
564 1323 709 1362 aethera3

269 1379 345 1418 Quis
369 1388 508 1418 unquam
533 1380 713 1411 mortalium

267 1427 346 1459 Tam
370 1426 482 1467 ingens
506 1427 688 1467 prodigium

314 1474 490 1514 Explicare
512 1473 642 1514 potuit?

267 1531 400 1565 Terram
420 1531 526 1570 palmo
544 1532 598 1571 qui
615 1532 786 1574 concludit,

267 1579 356 1610 Mica
380 1579 472 1618 panis
498 1579 550 1610 hic
573 1579 719 1619 includit,

314 1626 338 1659 O
363 1626 468 1658 Deum
491 1626 688 1658 mirabilem!

265 1683 361 1723 Cujus
385 1692 523 1723 unquam
548 1691 602 1715 cor
626 1684 774 1723 pensavit

262 1731 362 1763 Plene
384 1733 440 1762 aut
464 1731 658 1770 excogitavit

312 1778 392 1810 Tam
416 1778 483 1809 alta
505 1779 675 1817 mysteria:

264 1835 289 1867 Ο
313 1835 464 1874 majestas
488 1833 624 1874 infinita,

263 1882 320 1914 Vis
344 1882 461 1914 amoris
485 1882 639 1925 inaudita,

310 1929 451 1962 Amandi
475 1929 626 1971 materia3

262 1987 314 2020 Ex
339 1996 411 2027 quo,
437 1995 497 2027 per
521 1995 613 2027 quem
639 1987 753 2025 omnia,

307 2035 382 2068 Una
405 2044 500 2068 manu
526 2034 694 2074 clauditur,

259 2083 362 2115 Nobis
387 2081 491 2114 factus
515 2083 621 2115 hostia

307 2130 425 2171 Digitis
452 2130 645 2171 contingitur

259 2189 283 2222 Ο
309 2188 372 2221 Dei
398 2188 549 2229 dignatio,

257 2237 332 2277 Quis
359 2236 471 2269 mirari
496 2235 625 2277 sufficit,

255 2294 360 2335 Salve,
387 2302 502 2334 corpus
526 2295 749 2335 reverendum,

255 2342 336 2376 Cum
359 2345 492 2383 stupore
521 2342 777 2386 contingendum,

301 2391 430 2423 Amoris
454 2390 654 2433 incendium3

885 778 931 811 11)

882 930 930 962 21)

882 1080 939 1114 31).

876 1231 934 1263 41).

875 1382 933 1416 51).

872 1533 930 1568 6b.

871 1686 927 1720 71).

868 1837 927 1871 81).

867 1990 924 2023 9b.

844 2190 923 2224 101).

839 2296 920 2330 111).

936 806 943 814 .
964 779 1029 811 Vas
1053 789 1202 822 perenne,
1229 792 1285 814 vas
1310 786 1464 826 ornatum,

966 827 1123 866 virginali
1147 833 1259 861 ventre
1283 833 1391 862 natum

1010 876 1093 906 Arte
1117 877 1302 916 sapientiae.

934 955 941 962 .
963 930 1015 962 En
1039 931 1173 971 abyssus
1197 933 1251 964 hic
1274 934 1406 974 sophiae

963 978 1070 1018 Atque
1093 988 1232 1012 summae
1254 980 1453 1013 hierarchiae

1010 1026 1165 1065 Majestas
1188 1028 1344 1066 plenaria.

963 1081 1046 1113 Nam
1071 1082 1124 1114 hic
1147 1084 1244 1122 plena
1269 1085 1381 1125 deitas,

961 1129 1128 1169 corporali
1152 1130 1300 1163 habitans

1008 1176 1053 1207 Et
1075 1186 1206 1209 manens
1231 1180 1422 1218 praesentia.

960 1231 1018 1270 Qui
1042 1241 1199 1274 mensura,
1226 1236 1378 1274 pondere,

958 1278 1108 1320 Numero,
1134 1281 1303 1313 libramine

1006 1326 1123 1359 Condit
1146 1332 1260 1360 cuncta
1284 1332 1399 1364 cetera.

955 1383 1050 1423 Mari,
1079 1385 1183 1416 ventis
1208 1385 1368 1426 imperans

957 1430 1077 1463 Cuncta
1102 1432 1187 1464 solus
1213 1433 1375 1468 ordinans,

1002 1478 1100 1518 Quem
1125 1480 1214 1520 virgo
1236 1482 1398 1523 parturiit,

954 1535 978 1567 O
1005 1544 1098 1575 quam
1122 1536 1212 1576 large
1235 1540 1268 1569 te
1294 1544 1435 1578 exponis,

954 1582 1124 1623 Promptus
1148 1584 1241 1616 malis
1265 1588 1361 1626 atque
1382 1585 1473 1618 bonis

999 1630 1161 1663 Praebens
1186 1634 1218 1663 te
1244 1633 1400 1665 esibilem!

949 1687 1105 1720 Mundum
1131 1688 1295 1721 continens
1320 1690 1441 1730 pugillo

951 1733 1047 1775 Signo
1072 1737 1175 1767 tectus
1200 1736 1247 1767 sic
1270 1738 1399 1777 pusillo,

998 1782 1023 1814 Ο
1048 1782 1130 1814 111113
1156 1783 1338 1816 clementia!

951 1838 1073 1870 Sedens
1098 1848 1195 1879 super
1219 1840 1400 1881 Cherubim,

949 1885 1094 1918 Thronos
1119 1890 1215 1927 atque
1239 1887 1407 1928 Seraphim

995 1933 1199 1966 Excolendus
1223 1935 1328 1968 latria.

948 1990 1054 2031 Cujus,
1082 2000 1208 2031 quaeso,
1235 1993 1340 2025 valeat

996 2038 1038 2071 Os
1062 2041 1118 2071 aut
1134 2048 1172 2071 ac
1186 2040 1296 2081 lingua
1310 2050 1468 2083 promere,

947 2085 1037 2124 (kuod
1062 2086 1150 2119 Deus
1173 2088 1226 2120 hic
1249 2088 1359 2122 lateat.

995 2133 1059 2166 Sub
1086 2135 1214 2167 tantilla
1237 2136 1368 2176 specie?

946 2191 1036 2231 Quod
1061 2194 1117 2224 tua
1140 2193 1309 2232 plasmatio

945 2239 992 2271 Te
1014 2239 1049 2271 in
1074 2240 1172 2273 verbo
1198 2240 1347 2274 conficit?

943 2297 1044 2329 Amor
1066 2299 1139 2329 tuus
1164 2307 1254 2331 amor
1277 2298 1382 2342 fortis,

943 2345 1059 2377 Parem
1083 2355 1146 2378 11011
1170 2346 1291 2380 habens
1311 2347 1465 2380 consortis

991 2393 1046 2427 Sic
1070 2395 1205 2427 amantis
1230 2396 1371 2429 nimium.
