1653 2632
722 143 960 179 —35—

183 227 239 261 5a.
265 228 352 261 Hinc
376 232 532 272 tyrannus
557 235 730 279 Adrianus,

266 276 432 310 Idolorum
458 280 562 313 cultor
585 292 694 325 vanus,

311 324 465 359 Adunata
489 329 558 360 acie

180 379 237 412 6a.
266 380 344 413 Mox
368 385 405 414 ut
428 385 529 417 sensit
555 385 750 421 Christianos

261 427 340 460 Illos
366 438 435 462 esse
460 440 517 463 ceu
542 441 675 467 vesanos

311 476 441 516 sprevit
463 480 577 518 plenus
601 480 694 519 furia,

179 530 234 563 7a.
262 530 379 572 Sicque
405 534 445 566 de
469 533 575 568 Edom
599 542 764 583 venerunt,

259 578 344 610 Dum
368 582 511 614 torcular
536 584 739 618 calcaverunt

304 627 392 659 Pede
416 629 515 661 tincto
540 632 702 671 sanguine,

174 680 231 713 Sa.
259 681 362 723 Nunc,
389 685 507 717 Achati
532 695 694 729 generose,

256 729 476 770 Triumphasti
501 734 554 773 qui
578 733 701 768 famose

304 777 355 809 De
380 779 526 820 malignis
550 781 705 817 hostibus.

171 833 228 866 9a.
255 834 394 873 Quorum
418 845 516 875 prece
540 846 777 882 consequamur,

252 881 299 914 Ut
326 882 454 915 divinae
477 883 681 924 perfruamur

299 927 441 962 Visionis
466 933 579 973 gratia,

870 240 928 273 51).
951 240 1049 274 Jubet
1073 252 1181 276 omnes
1205 247 1405 285 praesentari

952 289 996 320 Et
1018 290 1051 321 in
1078 291 1144 330 eJus
1171 293 1321 325 collocari

997 338 1194 371 Judicandos
1219 339 1310 373 facie.

863 390 924 425 6b.
948 392 1085 425 Mandat
1104 392 1212 435 flagris
1237 396 1294 428 hos
1320 395 1420 438 affligi

951 439 1167 481 Crucibusque
1191 446 1264 482 post
1289 443 1378 484 affigi

996 487 1126 520 Crudeli
1152 491 1318 525 sententia.

866 542 884 573 7
892 541 923 574 b.
946 543 1052 583 Atque
1077 553 1170 577 cruce
1194 546 1337 586 bajulata

946 590 1092 623 Pha-lanx
1115 593 1178 625 ista
1201 593 1270 626 Deo
1295 598 1386 635 grata

993 638 1069 670 Pari
1092 638 1130 671 fit
1154 642 1336 675 certamine.

863 692 922 726 8b.
946 693 1105 726 Christum
1129 697 1221 729 nobis
1245 697 1297 730 fac
1313 699 1479 741 placatum.

944 740 1096 774 Nostrum
1121 746 1225 784 tergat
1248 748 1283 777 ut
1308 749 1429 778 reatum

989 790 1160 828 Adjunctis
1187 793 1395 828 conrortibus.

861 843 918 877 9b.
940 844 1005 877 Ubi
1032 846 1098 878 dies
1123 848 1289 888 luminosa,

940 891 1004 924 Ubi
1030 893 1118 932 quies
1143 896 1305 937 gaudiosa,

985 939 1050 971 Ubi
1074 950 1138 980 pax
1164 945 1196 973 et
1218 944 1330 983 gloria.

244 993 327 1020 Miss.
358 1003 412 1022 ms.
434 994 600 1032 Superioris
622 999 708 1027 Altae
734 1002 802 1028 anni
833 1000 915 1030 1493.
944 1003 1015 1031 Olm.
1036 1005 1151 1033 Monac.
1179 1005 1253 1034 9743
1273 1008 1307 1035 A.
1334 1023 1371 1028 ——
1395 1010 1479 1038 Miss.

165 1037 219 1056 ms.
249 1030 416 1067 Superioris
440 1034 528 1062 Altae
555 1044 630 1063 saec.
659 1035 702 1064 15.
725 1037 795 1065 Cim.
816 1040 985 1068 Monacens.
1007 1040 1089 1070 9744.
1112 1043 1144 1070 B.
1164 1059 1202 1063 —
1220 1045 1303 1073 Miss.
1319 1055 1372 1074 ms.
1394 1048 1479 1075 Hila-

165 1068 261 1095 riense
289 1077 365 1097 saec.
394 1069 438 1098 15.
465 1071 494 1099 C.
516 1087 555 1091 —
578 1074 662 1102 Miss.
684 1084 736 1102 ms.
760 1075 789 1103 S.
810 1077 942 1105 Floriani
962 1079 1014 1106 XI.
1036 1077 1091 1108 389
1111 1089 1187 1109 saec.
1209 1082 1253 1109 14.
1275 1083 1311 1111 D.
1333 1100 1369 1104 —
1390 1084 1430 1113 32·
1462 1085 1475 1114 1

164 1104 279 1133 Horum
300 1106 360 1134 DC.
381 1123 419 1128 --
439 1107 488 1144 Sa,
513 1110 525 1137 1
548 1112 630 1138 Tunc
650 1112 757 1141 Achati
776 1114 813 1141 D.

604 1240 668 1272 104.
698 1241 742 1273 De
763 1243 869 1275 sancto
890 1244 1031 1276 Achatio.

161 1314 176 1345 1
188 1322 215 1345 a.
244 1312 449 1348 Gratulemur

241 1361 313 1393 Hoc
336 1363 370 1394 in
396 1363 448 1396 die
473 1374 564 1398 sacro
587 1370 736 1399 canentes

285 1409 438 1450 Alleluja.

156 1465 211 1497 2a.
239 1465 360 1498 Terrae
382 1470 487 1500 motus
508 1468 612 1501 factus
638 1474 696 1511 est,

236 1513 375 1552 Quorum
401 1518 474 1547 sunt
498 1516 529 1548 in
556 1518 694 1550 transitu

285 1561 402 1594 Petrae
424 1563 562 1604 scissae3

153 1618 208 1650 3a.
236 1617 327 1649 Tunc
347 1618 382 1650 hi
407 1621 510 1652 sancti
534 1624 692 1663 martyres

236 1664 363 1698 Christo
390 1667 439 1698 sui
463 1677 618 1701 memores

282 1712 561 1756 Commendamnt‚

149 1769 208 1801 4a.
236 1768 412 1802 Sanitatem
439 1780 617 1814 corporum,

233 1815 424 1849 Ubertatem
450 1819 599 1852 domuum

279 1864 476 1906 Tribuendo,

148 1920 203 1953 5a.
228 1919 275 1952 Et
298 1921 326 1952 si
351 1922 418 1953 sint
440 1923 473 1954 in
497 1925 640 1965 proeliis,

230 1968 388 2001 Innocens
413 1970 550 2003 visibilis

228 2015 279 2047 Sit
303 2025 342 2048 ac
363 2017 535 2051 invisibilis

275 2062 439 2098 Inimicus.

144 2121 199 2153 6a.
227 2122 299 2154 Vox
325 2122 404 2154 coeli
429 2124 544 2165 sonuit,

223 2169 369 2202 Devictis
394 2170 520 2203 intulit:

271 2217 371 2250 Vobis
398 2218 474 2251 data
498 2223 572 2251 sunt

317 2266 399 2299 haec
424 2267 538 2301 omnia.

848 1322 906 1355 Ib.
928 1324 1091 1357 Adrianus

928 1371 1022 1403 Milia
1045 1376 1222 1413 martyrum
1249 1375 1357 1408 decem

977 1418 1150 1453 Crucifixit.

844 1473 902 1507 2b.
923 1475 969 1506 Et
992 1476 1040 1508 sol
1065 1476 1251 1510 obscuratus
1277 1483 1324 1511 est

925 1522 1015 1555 Hora
1039 1527 1114 1555 sunt
1139 1527 1170 1556 et
1194 1526 1345 1559 tenebrae

973 1570 1070 1603 Sexta
1096 1570 1210 1604 factae.

841 1626 899 1659 31).
920 1626 1164 1662 Exclamantes:
1200 1629 1346 1673 Domine,

922 1674 1058 1707 Nostras
1082 1685 1194 1715 preces
1219 1680 1346 1720 suscipe

969 1723 1033 1754 Pro
1061 1723 1202 1764 devotis3

836 1777 896 1811 4b.
919 1778 1122 1811 Medicamen
1147 1781 1271 1814 animae

919 1825 964 1857 Et
990 1827 1136 1858 coelestis
1160 1829 1285 1867 patriae

968 1874 1187 1908 Consolamen.

841 1928 903 1963 5b.
922 1929 996 1962 Diei
1017 1931 1173 1970 jeJunium

917 1977 1056 2010 Nostrae
1079 1979 1191 2012 mortis
1216 1982 1343 2014 unicum

920 2025 1058 2058 Claudat
1082 2027 1156 2058 anni
1182 2028 1334 2062 circulum

962 2073 1152 2108 Poenitenti.

832 2128 891 2162 6b.
919 2130 1128 2163 Committunt
1152 2133 1299 2173 spiritum

913 2177 974 2218 Da,
1003 2178 1140 2223 Christe,
1164 2182 1310 2215 coelitum

959 2225 1061 2258 Nobis
1086 2229 1235 2269 consequi

1009 2276 1210 2309 consortium.

212 2332 296 2360 Miss.
317 2342 371 2361 ms.
393 2333 422 2361 S.
439 2334 534 2362 Blasii
552 2336 622 2363 anni
639 2333 721 2364 1491.
743 2337 813 2366 Ood.
829 2337 858 2366 S.
873 2338 960 2367 Pauli
981 2341 1019 2368 ad
1032 2341 1197 2370 Laventum
1217 2352 1254 2371 <x
1266 2345 1454 2376 Sanblasian.

135 2370 240 2397 memb.
260 2369 304 2398 64.
321 2387 359 2391 —
377 2372 446 2400 Mel.
464 2372 634 2408 jedenfalls:
657 2375 875 2405 Laetabundus.
889 2393 927 2397 —
953 2379 1004 2411 52,
1028 2378 1042 2407 1
1064 2380 1133 2407 Etsi
1146 2382 1207 2409 sint
1220 2384 1334 2418 proelia
1348 2386 1402 2413 Hs
1416 2402 1455 2407 —

134 2406 184 2441 5a,
207 2406 225 2435 2
245 2410 390 2438 Innocens
409 2423 449 2432 =
468 2412 536 2439 Non
555 2421 673 2441 nocens.
695 2430 732 2435 —
752 2413 804 2450 5a,
825 2413 843 2444 3
863 2418 953 2454 atque
972 2418 1026 2446 Hs.
1048 2434 1086 2438 —
1106 2419 1147 2448 6a
1177 2418 1195 2447 2
1216 2421 1241 2448 1:
1262 2423 1410 2452 Dilectis?
