1653 2632
728 119 989 154 —144—

201 217 257 248 4a.
285 214 386 246 Beata
410 223 428 246 ο
454 215 568 255 anima,
884 214 942 246 4b.
965 214 1018 246 Ad
1044 213 1182 253 patriam
1208 222 1352 246 remeans

285 262 425 294 divinam
969 261 1096 293 dictura

285 309 432 341 comitata
463 309 597 349 gratiam
966 307 1149 339 venerando
1177 307 1309 339 cantica.

201 366 258 399 5a.
284 365 380 397 Alma
404 367 518 397 sonant
543 373 601 404 per
626 367 714 396 astra
884 363 944 396 5b.
969 363 1066 395 Casta
1091 361 1307 394 confitentium

283 412 465 452 angelorum
490 412 616 452 gaudia,
964 408 1134 449 magnifica
1157 409 1284 449 agmina

284 458 421 491 Cantant
443 459 658 498 apostolorum
965 456 1205 496 Laetanturque
1230 456 1392 488 concivem

281 514 399 545 organa
422 505 574 546 Alleluja,
965 503 1118 536 Abrahae
1143 506 1175 535 et
1198 504 1353 543 gremium

279 555 455 593 martyrum
966 560 1098 582 munera

280 599 375 631 turba
401 599 456 631 dat
480 599 624 639 gloriam,
964 598 1096 638 antiqua
1120 598 1252 631 sociant.

199 657 254 689 6a.
282 655 399 687 Beatus
422 655 622 695 Christicola,
883 655 942 689 6b.
967 655 1103 696 Negotia
1130 655 1264 688 curabat

280 711 372 742 quem
397 712 624 743 assumpseras,
965 702 1026 734 sibi
1054 703 1187 743 credita,

284 750 418 791 Christe,
445 752 481 782 ut
506 751 590 782 colat
965 752 1081 782 cuncta
1104 750 1200 782 modo
1224 750 1309 782 bona

280 797 372 829 atria.
964 797 1135 830 celebrant.

199 855 256 887 7a.
284 853 449 885 Solvamus
473 854 603 893 jamjam
883 853 940 888 7b.
962 853 1110 887 Salvator
1136 863 1234 895 aegra

281 900 409 932 vincula
433 901 560 941 linguae
582 909 728 941 nequam,
963 901 1074 934 visitet
1097 902 1256 942 mortalia,

279 948 387 981 Corda
408 946 515 980 ferens
543 948 611 989 regi
635 957 728 980 sacra
963 948 1111 981 Pretiosa
1135 952 1318 981 sanctorum
1344 949 1401 981 dat

279 995 484 1036 Hymnidica,
964 995 1131 1037 Suffragia,

279 1043 333 1082 qui
357 1043 537 1082 patrocinia
964 1047 1076 1076 nostra
1101 1053 1182 1084 quae
1208 1044 1389 1085 decoquant

280 1090 427 1122 cumulat.
966 1092 1108 1125 vulnera.

197 1148 253 1180 Sa.
280 1146 305 1179 O
331 1147 471 1187 gloriosa
882 1147 941 1182 8b.
963 1148 988 1181 Ο
1015 1157 1106 1180 sacer
1130 1149 1185 1188 pie

278 1193 434 1225 hodierna
458 1193 622 1233 solemnia,
963 1204 1048 1227 nunc
1071 1196 1241 1236 Ebrulphe
1267 1196 1339 1228 dele
1363 1198 1475 1229 nostra

279 1241 416 1272 omnium
441 1241 507 1272 sint
529 1241 625 1280 plena
650 1240 774 1281 gaudia.
968 1243 1030 1275 tuis
1057 1243 1207 1283 precibus
1233 1242 1388 1276 facinora.

198 1298 252 1330 9a.
277 1296 362 1329 Hinc
386 1297 448 1328 ista
472 1300 617 1336 tempora
881 1299 940 1333 9b.
963 1300 1137 1332 Patronum
1163 1303 1196 1332 te
1219 1301 1306 1333 vitae

278 1344 371 1376 nobis
396 1352 509 1376 serena
966 1348 1111 1380 coelestis
1138 1348 1189 1389 da,
1216 1351 1252 1380 ut

277 1400 443 1431 prospera,
962 1394 996 1426 in
1020 1396 1115 1427 astris

625 1449 679 1482 10.
706 1449 821 1481 Totum
849 1449 907 1483 fiat
931 1451 1042 1491 gloria.

270 1528 357 1563 Trop.
386 1536 438 1554 ms.
466 1527 494 1555 S.
519 1527 667 1563 Ebrulphi
694 1537 770 1556 saec.
798 1527 842 1557 12.
864 1529 933 1559 Cod.
956 1531 1118 1559 Parisiens.
1150 1530 1257 1560 10508.
1297 1533 1356 1560 Mit
1374 1534 1443 1561 Mel.
1471 1544 1510 1556 =

196 1564 313 1593 Coclica
328 1568 466 1593 resonent
478 1566 563 1600 clare,
585 1567 655 1594 aber
670 1568 726 1594 mit
740 1567 791 1595 der
803 1568 975 1596 Intonation
990 1569 1101 1597 Christi
1114 1570 1260 1598 hodierna
1274 1571 1335 1598 und
1349 1573 1404 1599 mit
1414 1571 1508 1607 vollig

195 1603 416 1631 abweichender
435 1604 637 1641 Behandlnng.
659 1620 693 1624 —
715 1603 768 1639 21),
789 1604 803 1633 1
825 1607 946 1642 nuptias
967 1608 1037 1643 agni
1056 1623 1095 1627 —
1115 1606 1168 1643 9b,
1189 1607 1208 1635 2
1229 1609 1287 1636 dat.

642 1740 705 1772 190.
744 1740 788 1772 De
808 1742 915 1773 sancto
936 1742 1052 1783 Eligio.

195 1819 250 1852 la.
278 1818 394 1851 Sancto
418 1820 505 1860 patri
530 1823 563 1852 et
585 1821 707 1861 pastori
880 1822 939 1856 lb.
964 1823 1088 1856 Psallat
1112 1824 1209 1866 intus,
1236 1827 1358 1866 psallat
1381 1826 1461 1861 foris

276 1866 467 1899 Solemnizet
490 1868 583 1907 hujus
609 1868 697 1900 chori
963 1871 1091 1905 Clamor
1114 1873 1222 1905 cordis
1248 1877 1281 1906 et
1304 1874 1375 1907 laus
1399 1875 1475 1916 oris,

326 1914 468 1948 Celebris
492 1915 668 1955 harmonia,
1011 1918 1099 1951 Coeli
1123 1921 1252 1960 pulsent
1277 1922 1371 1957 atria.

194 1971 250 2003 aa.
277 1970 400 2012 Dignus
433 1971 562 2011 quidem
586 1972 683 2004 laude
707 1973 817 2012 multa,
879 1974 937 2006 2b.
959 1975 1006 2008 Ut
1030 1977 1098 2016 ejus
1123 1978 1304 2017 patrocinio

278 2018 341 2050 Per
359 2027 451 2059 quem
468 2019 586 2051 mundo
604 2022 677 2051 suut
693 2019 821 2051 indulta
964 2021 1100 2055 Guretur
1124 2026 1226 2057 omnis
1250 2026 1362 2069 laesio,

324 2065 428 2098 Tanta
452 2065 616 2104 beneficia,
1011 2070 1133 2104 Cuncta
1156 2073 1273 2106 cedant
1296 2075 1418 2115 gravia.

194 2122 250 2154 3a.
277 2121 336 2160 Qui
361 2122 493 2154 coelitus
516 2122 716 2163 praeelectus
879 2124 937 2160 3b.
957 2126 996 2158 In
1020 2127 1185 2166 primaevo
1211 2130 1260 2162 sui
1281 2130 1361 2164 flore

276 2168 328 2200 Ex
352 2177 388 2200 re
413 2178 527 2201 nomen
552 2173 600 2201 est
624 2169 760 2209 adeptus
961 2172 1096 2206 Carnem
1122 2174 1230 2209 frenat
1252 2179 1374 2211 artiore

324 2217 555 2249 Praecurrente
579 2215 699 2258 gratia;
1010 2221 1120 2254 Victus
1144 2225 1350 2263 parsimonia.

195 2274 252 2306 4a.
278 2271 369 2303 Nihil
394 2272 546 2305 blandum
569 2273 653 2304 hunc
676 2272 790 2312 illexit,
878 2274 937 2308 4b.
959 2276 1081 2309 Ridens
1103 2280 1192 2311 velut
1217 2282 1372 2314 somnium

276 2318 331 2350 Nil
356 2327 504 2359 asperum
528 2320 614 2351 hunc
639 2318 765 2351 reflexit
959 2323 991 2355 A
1015 2333 1125 2357 somno
1149 2328 1346 2368 surgentium

326 2365 356 2398 A
381 2366 449 2397 veri
471 2367 645 2405 sententia3
1007 2371 1125 2404 Mundi
1149 2373 1316 2409 lenocinia.
