1653 2632
724 115 983 150 —266—

204 237 222 268 7
235 245 264 268 a.
288 234 426 274 Fragilis
451 233 593 273 materia,
886 230 942 263 71).
966 229 1122 269 Martyris
1147 228 1305 268 supplicia

284 282 425 322 pulveris
449 281 562 313 haeres
966 277 994 308 si
1017 276 1113 316 paulo
1136 275 1196 307 tibi

287 332 320 361 et
343 329 526 369 transitura,
964 324 1115 357 videntur
1141 323 1230 363 dura,

285 379 322 409 ut
345 376 434 409 vivas
968 371 1102 412 respice,

285 424 366 464 Deo,
391 422 547 462 moriaris,
968 418 1045 459 quid
1069 418 1111 449 sit
1135 416 1310 457 promereri

288 472 334 503 sic
358 470 513 502 scandens
539 469 581 501 acl
604 467 760 500 sublimia.
968 475 1027 506 pro
1052 465 1188 497 terrenis
1214 464 1372 497 coelestia.

204 530 259 563 8a.
286 528 311 560 Ο
335 527 493 566 Vincenti,
887 523 944 556 8b.
968 523 993 556 Ο
1021 522 1148 554 divinae

285 574 387 607 sancti
409 573 540 614 spiritus
970 570 1033 602 dux
1057 569 1200 609 militiae,

285 620 421 661 flamma,
447 628 586 660 purgans
966 617 1026 649 tibi
1049 617 1192 657 phalanx

285 668 390 700 omnia
969 665 1088 697 coelica

288 715 392 748 cordis
416 715 537 754 intima,
968 712 1053 744 sistit
1076 711 1170 743 obvia

289 763 407 796 devicit
963 759 1103 799 jubilans

284 810 366 851 ignis
391 808 548 841 incendia.
966 807 1062 839 laude
1088 804 1245 838 dulciflua.

205 870 259 901 9a.
285 866 393 899 Fortis
418 866 632 906 belligerator,
887 863 945 897 ab.
966 863 1070 903 Felix,
1096 861 1258 893 felicitatis

284 913 428 954 paradisi
451 913 577 953 gaudia,
968 913 1116 942 aeternae
1139 908 1312 950 praecipua

285 969 481 1001 quaesumus,
967 965 1099 989 munera

285 1008 376 1040 nobis
399 1008 544 1047 implora,
968 1005 1031 1036 tuis
1059 1005 1204 1044 deposce,

285 1064 345 1097 quo
370 1055 560 1095 gaudeamus
967 1052 1050 1092 regis
1075 1051 1196 1084 aeterni

286 1106 388 1134 tecum
413 1110 471 1141 per
496 1101 609 1133 saecla.
968 1098 1032 1131 frui
1057 1099 1247 1139 praesentia.

704 1157 758 1189 10.
785 1158 865 1197 Ave,
891 1158 1013 1196 martyr

788 1212 913 1243 semper
939 1203 1080 1243 colende,

786 1251 846 1283 tibi
869 1251 911 1282 sit
932 1251 1000 1283 laus

787 1298 939 1338 temporis
963 1298 1030 1329 ulla

789 1346 857 1377 sine
880 1347 974 1378 meta.

314 1441 399 1468 Miss.
422 1448 474 1466 ms.
497 1439 751 1467 Calvimontanum
771 1445 845 1465 saec.
868 1436 911 1464 14.
934 1436 1002 1464 Cod.
1023 1436 1180 1464 Parisiens.
1202 1434 1286 1463 9442.
1306 1450 1345 1455 -
1363 1435 1421 1462 Mit
1440 1435 1513 1462 Mel.

617 1586 682 1618 365.
721 1586 765 1617 De
785 1585 892 1617 sancto
913 1583 1086 1615 Vincentio.

205 1668 262 1701 la.
289 1667 415 1699 Christo
442 1675 588 1699 canamus
887 1664 944 1698 lb.
968 1663 1123 1704 Martyris
1149 1663 1224 1696 almi

287 1715 350 1746 diei
969 1711 1100 1743 colendo

286 1762 379 1801 hujus
403 1761 571 1802 pangendo
594 1760 719 1801 gaudia,
966 1758 1126 1791 Vincentii
1151 1757 1331 1798 praeconia.

205 1821 262 1853 Za.
290 1819 384 1852 Ortus
410 1818 448 1850 ab
473 1818 632 1858 Hispania
886 1817 943 1850 ab.
967 1815 1089 1849 Claruit
1112 1815 1255 1856 scientia,

285 1866 461 1898 nobilitatis
488 1866 675 1906 conspicuae
969 1863 1084 1895 claruit
1108 1865 1138 1895 e‘c
1162 1862 1294 1895 facundi
1318 1863 1381 1895 oris

283 1914 368 1945 linea
967 1911 1081 1951 gratia,

204 1973 259 2005 3a.
287 1970 404 2002 Sacrae
427 1969 504 2001 fidei
886 1968 943 2002 ab.
964 1969 1064 2008 Quam
1086 1968 1235 2000 immania

288 2017 449 2050 edocendo
474 2016 633 2058 mysteria.
965 2016 1040 2047 tulit
1062 2016 1147 2048 vitae
1173 2014 1359 2054 dispendia!

203 2076 259 2107 4a.
285 2074 453 2106 Rimantur
475 2074 611 2114 ungulae
881 2072 944 2105 410.
966 2072 1162 2112 Discerpunt
1185 2072 1319 2112 viscera,

287 2124 445 2153 costarum
968 2120 1180 2152 membrorum

286 2169 353 2208 eJus
379 2168 501 2209 intima,
968 2168 1096 2200 solvunt
1119 2168 1255 2200 vincula.

204 2226 261 2258 5a.
289 2225 395 2257 Scissa
420 2225 509 2265 cutis,
888 2224 945 2257 5b.
970 2224 1027 2257 Sat
1049 2223 1125 2257 fidei

288 2271 375 2304 fusus
400 2272 538 2312 sanguis,
967 2274 1146 2312 peroratur,

285 2328 319 2351 os
342 2320 462 2358 elisum,
971 2320 1163 2351 convalescit

289 2375 361 2398 caro
386 2367 486 2398 omnis
511 2367 626 2398 lacera.
968 2365 1082 2399 fortior
1105 2368 1147 2399 ad
1171 2366 1304 2407 singula.
