1653 2632
163 207 209 238 7a

163 357 217 389 8a.

163 510 220 542 9a.

165 1096 222 1129 Za.

167 1342 222 1374 3a.

168 1636 226 1668 4a.

170 1929 224 1961 5a.

170 2175 226 2208 621.

694 110 929 144 -30—

245 206 364 239 Christi
387 206 588 246 resurrectio,

242 253 297 285 Ad
323 254 425 286 coelos
451 253 603 293 ascensio,

245 301 269 333 Ο
295 301 350 341 pia
374 301 555 341 consolatio,

245 357 308 389 Per
331 356 454 390 fraudis
479 358 620 389 osculum

243 404 288 437 Et
311 404 397 436 fellis
421 405 569 444 poculum

243 452 393 484 Redemit
416 452 586 492 saeculum,

247 508 387 548 Sequens
411 509 545 540 historia

244 555 365 587 Narrat
387 556 466 587 haec
490 556 595 587 omnia

245 603 308 635 Per
332 603 513 643 evangelia3

844 205 902 238 7b.

843 355 903 390 8b.

844 507 903 540 9b.

925 205 981 236 Fit
1004 206 1116 236 nostra
1138 205 1326 247 redemptio,

925 251 1017 283 Salus
1043 253 1075 282 et
1097 252 1264 292 protectio,

925 299 993 330 Pax
1018 300 1051 329 et
1074 299 1246 338 reparatio,

924 355 990 387 Nos
1017 363 1091 395 ergo
1116 355 1261 387 sedulum

927 402 1082 434 Canamus
1106 402 1268 434 modulum

925 449 990 482 Sed
1013 458 1077 481 non
1101 450 1144 482 ad
1169 451 1294 483 oculum

924 506 992 538 Nos
1018 515 1092 547 ergo
1117 509 1226 538 mutua

925 554 1047 586 Dantes
1071 554 1216 595 tripudia

926 602 1103 634 Psallamus
1129 603 1179 634 eia

702 658 757 692 10.
782 658 934 699 Alleluja.

240 733 327 762 Grad.
349 742 403 761 ms.
423 733 531 761 Jacobi
551 733 586 761 de
604 733 750 761 Vindocia
768 740 811 760 ca.
833 731 915 761 1505.
938 733 1008 761 Cod.
1028 734 1187 762 Parisiens.
1208 732 1273 762 906.

623 861 668 894 33.
707 862 744 893 In
762 861 844 893 festo
863 861 1012 893 Paschae.

563 944 595 976 1.
621 944 711 975 Arva
735 941 906 981 splendent
930 943 1090 983 coelestia,

619 990 728 1030 Elegit
750 989 905 1022 Dominus

667 1046 750 1069 nova
768 1036 864 1071 bella.

247 1094 357 1126 Audet
379 1095 514 1126 miscere
537 1095 661 1134 proelia

247 1141 352 1173 Draco
379 1150 448 1173 cum
471 1142 602 1183 Messia,

248 1189 395 1220 Vincitur
418 1192 521 1221 morte
545 1190 658 1229 scelus,

249 1237 358 1276 Surge,
385 1237 509 1276 sepulte
531 1245 630 1277 meus,

294 1284 371 1315 Mea
393 1284 470 1318 vita.

249 1340 334 1372 Dum
358 1340 437 1380 obis,

247 1388 353 1420 lumen
377 1388 574 1420 verissimum
599 1388 696 1430 orbis,

248 1435 372 1476 plangit
395 1436 483 1475 virgo
507 1436 679 1475 theotocOS,

248 1483 372 1523 plangit
395 1483 484 1523 virgo
509 1483 681 1524 theologoS‚

248 1532 329 1572 tuas,
354 1539 372 1562 o
395 1531 523 1572 munde,

248 1586 357 1618 noxas,
381 1578 522 1611 vulnera.

251 1634 375 1674 Vincla,
403 1644 520 1674 carcer,
545 1636 690 1678 verbera,

251 1681 402 1721 Spineum
428 1683 583 1725 diadema,

250 1729 384 1770 Alapae,
410 1729 636 1772 blasphemiae,

251 1776 361 1816 Sputa,
387 1786 473 1821 crux,
503 1778 594 1819 clavi,
621 1783 755 1821 acetum,

249 1824 319 1867 Fel,
343 1825 454 1857 lancea
478 1829 594 1858 necant
616 1827 721 1867 ipsum

298 1871 429 1908 Sathan.

252 1928 446 1968 Stupuerunt
469 1929 566 1962 inferi

251 1975 352 2007 Jubar
376 1978 531 2010 adventus
558 1978 686 2022 Christi,

252 2022 316 2055 Sed
342 2025 541 2057 exsultarunt
564 2027 691 2067 agmina

251 2070 439 2102 Animarum

298 2117 332 2149 in
357 2127 431 2151 orco
457 2120 581 2153 clausa:

248 2174 362 2206 Nonne
385 2178 421 2207 tu
443 2178 630 2215 percussisti

252 2221 375 2253 hostem
399 2224 580 2264 superbum,

252 2269 456 2309 triumphasti
464 2271 578 2304 dracon
583 2281 792 2316 emmagnum,

252 2316 384 2349 libertas
408 2318 560 2357 publica?

846 1093 904 1125 2b.

848 1340 906 1374 ab.

848 1636 907 1669 4b.

851 1932 909 1965 5b.

852 2179 910 2212 6b.

926 1094 1016 1126 Mors
1033 1096 1155 1136 mortis,
1178 1096 1311 1136 pulchre
1327 1097 1471 1136 moreris,

928 1142 1045 1175 Mundi
1067 1142 1158 1175 nefas
1182 1144 1280 1184 tollis,

928 1190 1008 1222 Jesu
1032 1191 1168 1222 coeleste
1195 1191 1302 1231 decus,

928 1237 999 1268 Rex
1024 1240 1056 1269 et
1078 1237 1224 1277 pontifex
1248 1247 1347 1279 meus,

978 1284 1069 1317 Salus
1093 1294 1173 1317 mea.

927 1341 1010 1373 Dum
1035 1344 1170 1374 mortem

928 1389 1068 1429 perimis,
1094 1390 1200 1422 hostia
1222 1391 1335 1432 patris,

928 1436 1023 1468 tellus
1048 1438 1164 1480 tremit,
1190 1438 1238 1469 sol
1260 1439 1423 1479 nigrescit,

929 1487 1026 1523 pavet
1047 1485 1176 1516 umbras
1202 1486 1355 1527 centurio,

931 1531 1025 1563 chaos
1051 1533 1223 1573 antiquum,

929 1580 1065 1611 mundus
1089 1580 1242 1619 trepidat.

929 1637 1042 1668 Velum
1065 1637 1177 1677 templi
1201 1638 1368 1678 scinditur,

931 1683 1014 1716 Saxa
1040 1685 1120 1716 dura
1143 1683 1318 1728 finduntur,

929 1732 1137 1764 Monumenta
1159 1733 1354 1772 panduntur,

931 1780 1027 1811 Multi
1051 1780 1154 1811 sancti
1178 1781 1382 1823 suscitantur,

932 1827 1094 1859 Victorem
1112 1828 1248 1860 laudant
1269 1828 1303 1860 in
1324 1828 1405 1861 urbe

979 1884 1081 1908 sacra.

934 1933 958 1965 O
984 1933 1040 1964 lux
1064 1933 1310 1974 Abrahamides,

932 1980 1151 2013 Hebraeorum
1177 1981 1284 2020 prisca
1308 1990 1392 2021 spes,

934 2028 1057 2067 Quanta
1080 2029 1184 2059 tenuit
1206 2032 1239 2060 te
1263 2038 1362 2067 mora,

933 2075 1075 2108 Tandem
1102 2076 1190 2107 solve

979 2125 1106 2154 tuorum
1130 2123 1244 2155 vincla.

932 2180 1068 2220 Invenit,
1094 2184 1204 2220 pastor
1228 2180 1319 2219 bone,

932 2229 964 2258 te
987 2227 1191 2268 Magdalena‚

935 2283 1004 2307 cum
1029 2276 1181 2315 apostolis
1205 2283 1274 2314 nos,
1302 2275 1367 2308 dux
1383 2276 1476 2317 bone,

936 2323 997 2354 duc
1019 2323 1053 2355 in
1079 2323 1243 2356 Galileam.
