1653 2632
694 104 931 139 *28—

235 200 322 229 Grad.
348 208 402 227 ms.
430 199 653 235 Crucigerorum
678 207 754 227 saec.
783 197 827 226 15.
849 199 919 226 Cod.
943 199 1165 226 Monasteriens.
1195 196 1249 226 199
1268 196 1354 233 (214).
1373 199 1407 226 A.
1429 214 1465 218 —-

159 238 247 267 Grad.
267 247 320 266 ms.
342 237 370 266 S.
395 237 528 274 Agathae
548 238 618 264 anni
640 234 723 264 1512.
743 237 776 264 B.
800 251 837 256 —-
856 237 926 264 Mel.
940 236 1138 263 =Victi1nae
1150 236 1285 272 paschali
1303 237 1414 265 laudes.
1429 251 1466 256 —-

159 275 211 311 41),
232 274 250 304 3
269 277 356 304 tertio
377 276 424 304 die
443 276 476 303 B.
497 284 590 312 geg-en
611 275 663 303 das
682 274 844 302 Vei-smass.

616 366 662 397 29.
702 366 746 396 De
766 366 876 396 saneta
897 365 1000 397 Gruee.

158 437 214 470 la.
241 437 265 470 Ο
293 445 380 476 crux,
407 445 475 476 ave,
501 435 608 468 frutex
632 437 751 476 gratus,
841 435 900 468 1b.
921 435 993 467 Ave
1015 435 1135 476 lignum
1159 435 1362 475 triumphale.

242 483 329 516 Coeli
352 482 431 516 flore
455 483 654 522 fecundatuS,
923 483 1013 515 Inter
1036 482 1156 522 lignum
1181 482 1301 514 nullum
1326 482 1391 513 tale

286 531 414 563 Rubens
440 531 513 571 agni
537 530 706 571 sanguine3
970 530 1110 570 Fronde,
1134 528 1223 570 flore,
1250 529 1401 570 germine.

158 590 214 620 2a.
242 588 305 620 Per
329 590 361 619 te
383 587 500 619 mundo
525 587 592 618 vita
616 586 711 628 redit,
841 586 899 619 2b.
923 586 1135 619 Saeramentis
1162 587 1219 618 das
1244 587 1404 626 virtutem,

238 635 334 675 Ignis,
362 634 492 674 grando,
521 634 653 666 daemon
685 633 780 675 cedit,
921 634 1041 674 Robur,
1068 642 1179 674 pacem
1205 636 1237 666 et
1259 634 1403 674 salutem,

285 682 409 724 Vincla,
435 681 538 713 morbi
563 680 706 722 fugiunt3
969 682 1015 713 Te
1040 682 1092 721 qui
1119 682 1235 722 colunt,
1262 681 1413 713 sentiunt.

156 740 213 772 3a.
241 739 345 779 Salve,
371 738 490 779 lignum
514 739 632 770 mundo
658 746 763 778 suave,
840 738 896 771 3b.
923 739 973 771 Tu
996 747 1065 780 nos,
1093 739 1196 770 erucis
1223 741 1433 781 consecrator,

238 786 371 825 Semper
395 786 476 827 vale,
503 794 629 825 semper
653 794 722 826 ave,
921 785 1018 825 Signa
1041 786 1142 825 Thau,
1167 786 1253 818 vitae
1279 786 1383 825 dator,

284 833 347 865 Tot
369 831 485 865 florens
510 833 698 875 virtutibus3
968 833 1056 864 Dans
1080 833 1232 865 vexillum
1257 832 1427 866 frontibus,

154 891 211 922 4a.
237 890 335 922 Juxta
360 898 483 921 crucem
509 890 704 929 compassuri
837 889 895 922 4b.
919 889 964 922 Et
987 892 1061 929 post
1083 890 1176 929 hujus
1200 890 1286 921 vitae
1310 899 1435 921 cursum

238 937 314 969 Cum
339 937 444 969 Maria
470 937 512 969 da
532 937 649 969 maturi
921 936 999 969 Cum
1023 936 1129 968 Maria
1152 937 1229 968 laeti
1254 946 1377 969 sursum

283 984 407 1016 Stemus
431 984 465 1016 in
490 984 630 1025 angaria,
965 982 1172 1016 Perfruamur
1196 984 1307 1024 gloria.

229 1049 315 1077 Grad.
336 1058 379 1077 ms
408 1050 595 1077 Francisean.
615 1050 783 1077 Monaeens.
805 1057 881 1077 saec.
902 1047 967 1078 14115
984 1049 1057 1076 Clm.
1071 1049 1240 1077 Monacens.
1261 1047 1345 1077 8710.
1367 1050 1404 1076 A.
1425 1064 1462 1069 —

153 1087 232 1115 Orat.
253 1096 304 1115 ms.
325 1088 528 1123 Augustanum
548 1096 623 1115 saec.
645 1086 690 1116 15.
712 1088 784 1115 Clm.
804 1088 972 1115 Monacens.
994 1085 1079 1115 3702.
1102 1088 1135 1115 B.

553 1179 601 1210 30.
642 1179 678 1211 In
696 1178 879 1211 Inventione
898 1186 922 1210 s.
946 1177 1059 1210 Crucis.

606 1250 636 1282 1.
663 1249 846 1281 Laudamus
870 1252 912 1287 te,

664 1305 720 1328 rex
746 1305 785 1328 ex
808 1296 915 1328 Maria
939 1297 1045 1337 genite

663 1344 866 1386 sempiterne,

152 1400 207 1430 2a.
236 1397 331 1438 Cujus
358 1407 434 1430 crux
833 1400 891 1433 2b.
916 1401 1012 1440 Cujus
1035 1409 1120 1433 mors

234 1449 283 1477 est
306 1446 391 1478 salus
413 1449 531 1490 nostra,
915 1451 963 1480 est
987 1448 1055 1480 vita
1077 1450 1197 1482 nostra.

152 1503 206 1535 3a.
233 1502 281 1534 Tu
303 1503 432 1535 victima
833 1504 892 1538 3b.
913 1505 1029 1537 Mortis
1054 1507 1149 1545 porta

233 1553 265 1581 et
288 1550 393 1582 hostia
913 1555 1016 1584 morte
1039 1555 1096 1584 tua

232 1596 334 1629 faetus
360 1606 392 1630 es
419 1599 521 1630 crucis
547 1608 621 1640 ara;
913 1609 972 1640 per
997 1609 1121 1632 erucem
1147 1603 1195 1632 est
1218 1599 1375 1634 obstrusa.

149 1655 205 1687 42.
232 1654 402 1686 Exstineta
832 1657 891 1691 4b.
913 1657 1039 1690 siccata

231 1705 303 1733 sunt
327 1711 449 1735 venena
908 1704 1054 1744 Babylon
1074 1705 1141 1744 jam

230 1753 284 1781 tuo
310 1750 461 1790 sanguine
913 1761 972 1792 per
995 1755 1029 1784 te
1052 1751 1182 1784 fiumina

231 1797 408 1830 Leviathan
417 1808 425 1838 3
913 1799 1064 1832 sulfurea.

150 1855 204 1887 5a.
232 1853 357 1886 Christe
381 1855 575 1896 redemptor,
832 1857 890 1891 5b.
912 1857 1076 1890 Adversos
1101 1855 1186 1898 fuga,

229 1902 315 1933 muni
338 1901 473 1935 famulos
912 1908 983 1937 tuos
1009 1905 1117 1937 releva

232 1950 334 1981 erucis
359 1950 464 1992 signo3
914 1955 946 1984 et
972 1953 1087 1985 exalta.

148 2005 203 2037 6a.
230 2005 329 2037 Novit
352 2007 586 2047 Constantinus,
831 2009 888 2042 6b.
912 2009 1012 2041 Novit
1037 2011 1069 2040 et
1091 2008 1272 2049 Heraclius,

229 2053 305 2092 quid
327 2057 436 2093 posset
460 2063 538 2087 crux
562 2058 626 2095 tua,
914 2057 988 2088 dum
1014 2056 1101 2088 eadit
1125 2057 1253 2096 Cosroe,

232 2099 357 2132 Christe
379 2101 474 2142 Jesu3
911 2104 1011 2136 host-is
1036 2106 1119 2136 tuus.

149 2157 201 2188 72.
229 2156 336 2188 Sensit
358 2157 534 2200 Danubius,
831 2160 888 2193 7b.
910 2159 1053 2194 Infeetus
1078 2169 1199 2193 veneno

228 2206 261 2235 te
285 2204 387 2237 Deum
412 2214 482 2238 esse
505 2216 625 2245 verum,
911 2208 1069 2248 serpentis
1093 2208 1266 2240 teterrimo.

600 2266 632 2298 8.
658 2264 736 2296 Jesu
759 2263 819 2296 tibi
844 2264 886 2295 sit

658 2311 760 2351 gloria
788 2314 820 2343 et
842 2312 923 2344 laus.

220 2374 308 2410 Trop.
334 2383 387 2403 ms.
407 2376 589 2404 Nivernense
614 2385 689 2404 saec.
718 2375 762 2404 11.
791 2376 860 2404 Cod.
883 2377 1043 2406 Parisiens.
1065 2375 1148 2406 9449.
1171 2377 1206 2405 A.
1227 2393 1265 2397 —
1285 2378 1405 2414 Antiph.
1427 2382 1457 2407 et
