1653 2632
683 107 942 142 —168—

159 198 215 228 4a.
242 196 301 234 Qui
329 199 510 229 constanter

241 251 415 282 poenarum
441 244 566 277 devicta

241 289 428 323 multiformi
453 292 560 332 specie

158 347 213 379 521.
242 347 340 385 Quam
365 347 460 380 beata
483 348 603 381 Christi

241 392 396 426 confessio
420 396 566 436 nominis,

238 443 336 479 Quam
361 442 505 483 verbera,
531 441 642 485 flagra,

239 496 393 528 carceres,
419 488 592 532 eamifiees‚

237 543 337 575 ignes,
366 536 499 575 equulei,

235 582 411 621 lampades,

152 637 207 670 6a.
237 637 260 670 O
286 641 410 677 mart3r
433 639 560 680 invicte,

234 693 251 716 o
276 685 514 725 splendidulum

235 732 318 763 beati
344 735 495 773 martyris

233 780 413 818 speculum!

150 836 205 869 7a.
232 835 281 867 Tu
306 846 440 876 namque
462 847 616 878 spernens
641 842 775 881 gloriam

232 885 450 925 temporalem,

230 928 334 962 fasces
359 940 511 972 respuens

232 978 390 1016 palatinos

230 1033 288 1064 pro
313 1025 449 1059 Domino
476 1036 603 1061 carnem

230 1072 372 1111 supliciis
399 1074 543 1108 dederas.

146 1130 201 1162 8a.
228 1128 273 1160 Et
296 1138 353 1161 nos
381 1133 453 1163 vota
474 1134 693 1171 persolventes

228 1177 373 1209 melodiis

228 1223 287 1255 tibi
314 1224 481 1258 olai’isonis

227 1272 404 1311 pangimus.

843 203 903 237 41).

843 352 902 385 5b.

839 645 896 678 ob.

836 844 893 877 7b.

832 1138 891 1171 Sb.

930 205 1069 245 Collegio

928 254 1090 283 consertus
1115 256 1288 294 martyrum

925 298 1085 330 laureatus
1111 300 1296 341 triumphat.

925 354 1024 393 Quam
1046 355 1179 395 liquoris
1205 359 1272 390 aeri

923 399 1066 440 perfusio
1091 403 1240 444 salisque,

923 451 1022 487 Quam
1048 451 1206 483 tormenta
1230 454 1318 487 nulla

921 497 1107 534 praevalent
1134 500 1271 532 evellere

922 543 972 573 sui
998 543 1038 574 de
1064 552 1198 585 corpore

921 590 1041 622 militis.

918 645 1089 679 Servorum
1113 655 1263 688 precatus

920 702 996 726 aure
1021 696 1151 735 placida

915 741 982 780 jam
1007 752 1090 775 nunc
1116 746 1278 787 suscipito,

919 787 1068 829 Gorgoni.

916 845 1009 877 Nunc
1040 855 1113 887 ergo
1141 850 1220 881 coeli
1246 852 1368 885 civibus

917 893 1066 933 sociatus,

916 941 1057 979 palmam
1079 943 1219 975 retinens

916 988 1142 1028 triumphalem

915 1037 1098 1075 praesentia
1122 1039 1200 1072 Jesu

916 1083 1054 1122 piissimi
1078 1083 1205 1119 frueris.

913 1139 962 1171 Tu
986 1139 1121 1174 famulos
1147 1146 1202 1176 tua
1226 1143 1309 1178 festa

913 1187 1112 1221 celebrantes

913 1236 1075 1276 regnatori
1097 1237 1166 1270 Deo

914 1284 1108 1327 commenda,

539 1334 569 1365 9.
599 1333 640 1366 Ut
668 1335 804 1368 clemens
829 1339 1011 1377 peccamina

595 1380 692 1418 laxet,
718 1392 830 1422 pacem
856 1385 975 1417 tribuat

593 1429 692 1460 vitam
719 1432 871 1464 concedat
896 1436 1067 1469 aeternam.

217 1489 304 1525 'Pi-op.
325 1499 378 1518 ins.
390 1492 546 1521 Mindense
565 1496 636 1522 anni
658 1494 740 1524 1024.
757 1497 827 1524 cod.
843 1499 1025 1529 Berolinens.
1042 1502 1093 1529 IV.
1119 1502 1163 1531 11.
1184 1505 1249 1532 add.
1270 1515 1345 1534 saec.
1368 1505 1404 1535 12
1417 1524 1455 1528 ——

140 1525 190 1560 Ga,
212 1524 230 1554 3
251 1529 345 1555 saneti
358 1532 505 1565 martyris.
520 1546 557 1551 -—
570 1532 621 1566 721,
642 1531 660 1561 3
673 1534 752 1562 faces
767 1544 916 1571 respuens.
932 1553 970 1558 —
984 1537 1037 1574 «Ἣ»,
1059 1538 1077 1567 2
1091 1542 1281 1577 celebrante&
1302 1554 1456 1581 precamur

139 1562 244 1597 (dieses
264 1566 446 1604 fiberzfflflig)
465 1572 612 1606 regnatori
632 1572 770 1600 Domino.

581 1654 648 1685 225.
687 1655 731 1687 De
751 1657 861 1688 sancta
878 1658 1004 1691 Helena.

139 1709 194 1742 la.
221 1709 259 1741 In
285 1713 466 1744 sanctorum
487 1713 557 1754 jugi
580 1715 687 1758 laude,

220 1757 316 1789 Plebs
344 1758 467 1802 devota,
494 1760 563 1793 Deo
585 1762 715 1803 plaude,

268 1806 327 1845 Qui
344 1806 377 1838 in
394 1809 513 1840 sanetis
530 1812 579 1841 est
589 1811 762 1852 mirabilis;

137 1862 193 1894 221.
220 1861 310 1894 Haec
333 1863 495 1896 inventrix
512 1869 642 1899 sanctae
660 1871 763 1902 crucis
822 1871 880 1904 2b.

217 1909 419 1950 Adimplevit
443 1921 521 1952 opus
546 1914 627 1947 lueis

265 1957 323 1990 Pio
350 1960 456 1991 cordis
483 1961 653 2003 desiderio,

134 2014 189 2046 3a.
216 2013 333 2046 Patent
357 2016 462 2048 adhuc
486 2026 578 2050 sacra
600 2022 675 2051 vota

215 2060 340 2101 Dignae
363 2065 475 2096 matris
500 2065 594 2105 longe
619 2070 695 2098 nota

263 2109 298 2141 In
324 2111 515 2151 templorum
539 2112 703 2156 aedificiis,

131 2165 188 2197 4a.
217 2164 345 2198 Gaudet
370 2176 444 2208 ergo
469 2178 554 2201 nunc
576 2170 610 2202 in
636 2172 732 2203 caelis

215 2212 442 2253 Dispensatrix
466 2217 546 2248 haec
569 2217 675 2251 fidelis

262 2260 350 2293 Inter
375 2264 558 2304 angelorum
582 2266 681 2299 milia.

129 2315 149 2347 5
157 2324 185 2347 a.
214 2315 337 2356 Sponsa

261 2365 380 2399 Christi
405 2371 517 2401 saneta
548 2372 579 2401 et
606 2369 731 2407 decora,

824 1719 882 1753 lb.

821 2022 878 2056 3b.

817 2174 875 2206 4b.

817 2324 874 2358 5b.

905 1720 995 1752 Inter
1020 1731 1097 1762 quos
1123 1725 1273 1764 splendet
1296 1726 1430 1772 Helena,

905 1768 999 1809 Fide,
1025 1779 1093 1811 spe,
1119 1781 1227 1804 amore
1249 1774 1354 1815 plena,

953 1817 1079 1857 Sponsa
1105 1818 1224 1852 Christi
1247 1823 1449 1858 venerabilis.

904 1873 1146 1909 sacrosanctam
1174 1879 1355 1917 passionem

905 1919 1014 1952 Crucis
1036 1931 1096 1961 per
1119 1924 1335 1958 inventionem

952 1968 1044 2000 Omni
1067 1975 1220 2005 venerata
1243 1974 1361 2007 studio.

906 2025 993 2062 Quae
1009 2034 1068 2065 per
1085 2026 1194 2058 orbem
1211 2031 1337 2062 struens
1354 2031 1450 2071 plura

900 2070 1008 2111 Larga
1032 2073 1216 2106 sublimavit
1242 2084 1317 2109 cura

947 2119 993 2150 Et
1017 2123 1230 2161 augmentavit
1257 2124 1386 2158 divitiis

898 2175 937 2206 In
963 2176 1079 2208 vestitu
1105 2178 1257 2211 deaurato

898 2221 944 2253 Et
968 2223 1086 2256 amictu
1111 2226 1233 2258 variato

947 2269 1068 2303 Ferens
1095 2272 1237 2305 cantatis
1262 2273 1341 2307 lilia..

898 2324 1058 2359 Christum

946 2382 1005 2412 pro
1031 2374 1122 2406 nobis
1145 2375 1304 2410 instanter
1325 2387 1391 2411 ora.
