1653 2632
181 227 238 257 4a.

183 376 241 407 5a.

183 527 242 558 Ga.

184 675 240 707 va.

185 826 243 859 Sa.

186 978 244 1009 9a.

162 1128 242 1161 lOa.

163 1413 221 1446 la.

162 1613 220 1644 2a.

163 1813 222 1845 321.

161 2010 220 2042 4a.

162 2207 218 2238 5a.

697 128 932 162 -62-

268 224 455 256 Thalamum
480 223 684 255 secretiorem

266 272 364 311 Virgo
388 272 491 302 intrat
515 270 554 302 ob
580 270 727 301 decorem

314 318 481 350 Universis
506 316 664 357 praedita,

269 375 389 414 Regem
410 377 514 406 mater
540 373 615 405 dum
638 372 763 410 adorat,

266 422 344 453 Viee
368 430 462 453 versa
485 429 543 452 rex
566 420 701 451 honorat

311 468 451 500 Matrem
476 467 561 499 omni
586 465 697 505 gloria,

269 525 333 556 Ter
358 527 470 555 vocata
495 522 627 554 coelitus

266 571 372 603 Semel
398 570 484 602 venit
507 569 635 609 penitus

313 618 419 658 Digne
444 616 636 655 coronanda,

265 674 373 706 Areae
395 673 458 705 Dei
479 673 546 713 jam
571 672 747 704 translatae

267 722 360 753 Patet
383 722 417 752 in
442 720 638 752 sublimitate

314 768 454 809 Dignum
479 767 740 808 tabernaculum3

272 825 296 858 Ο
324 834 405 865 quae
426 826 490 857 ista
512 827 561 856 est
586 828 618 856 et
642 823 754 864 qualis,

271 872 357 911 Quae
380 873 535 904 virtutum
559 872 647 904 volat
672 871 742 911 alis,

315 920 382 953 Ubi
408 923 457 951 est
481 920 656 959 securitas3

271 977 399 1009 Laudes
423 985 498 1016 ergo
523 976 673 1008 alacriter

270 1023 358 1056 Coeli
384 1024 494 1055 demus
520 1023 728 1055 communiter

316 1071 384 1104 Nos
408 1072 548 1112 reginae,

270 1128 335 1160 Sed
360 1137 441 1168 quae
464 1128 620 1160 hodierna
644 1127 696 1159 die

272 1175 383 1208 Coelos
408 1175 478 1207 adis
504 1176 597 1215 hujus
623 1175 694 1206 viae

318 1223 540 1255 Consummato
566 1223 712 1261 termino,

871 221 931 254 4b.

874 369 932 402 5b.

874 519 932 551 6b.

873 672 931 705 7b.

874 823 922 857 8b

875 975 934 1007 9b.

852 1126 934 1159 10b.

956 221 1065 260 Virga,
1089 229 1169 259 quae
1185 220 1339 258 produxit
1353 218 1475 258 florem,

954 266 1018 298 Sed
1042 270 1176 298 naturae
1200 268 1329 305 praeter
1346 273 1476 307 morem,

1002 311 1155 345 Refertur
1178 312 1213 344 in
1235 311 1357 343 abdita.

956 368 1089 400 Sacrum
1105 367 1220 400 flamen
1239 377 1333 408 quam
1346 368 1477 410 virorat‚

958 415 1126 448 Civitatem
1151 416 1231 447 haec
1257 416 1404 456 explorat

1004 462 1049 495 Et
1072 463 1249 503 pertransit
1272 464 1387 496 omnia.

960 519 1054 552 Unde
1078 520 1151 559 plus
1177 529 1270 560 quam
1295 520 1442 560 primitus

958 566 1085 599 Gaudet
1109 568 1177 608 eJus
1202 568 1345 609 spiritus,

1005 615 1030 648 Ο
1054 624 1107 647 res
1132 616 1359 655 praedicanda.

955 671 1097 704 Hesther
1120 672 1159 704 ab
1186 673 1366 705 humilitate

954 719 1091 751 Ducitur
1113 720 1146 752 in
1174 721 1306 752 caritate

1002 767 1099 807 Regis
1125 768 1166 799 ad
1192 768 1378 801 cubiculnm.

958 823 1062 863 Super
1085 827 1205 856 terram
1229 834 1291 856 non
1318 828 1367 856 est
1389 825 1474 865 talis,

957 870 1015 902 Oui
1040 872 1291 911 supernaturalis

1003 919 1094 950 Inest
1118 919 1330 959 singularitas

958 975 1003 1008 Ut
1026 984 1096 1006 eum
1120 975 1193 1015 ipsa
1217 976 1364 1007 similiter

959 1022 1194 1063 Conregnemus
1220 1022 1359 1055 feliciter

1006 1070 1082 1102 Sine
1105 1069 1178 1103 fine.

960 1126 1044 1165 Quos
1069 1127 1175 1159 adhuc
1199 1127 1464 1167 psychomachiae

957 1174 1066 1206 Labor
1090 1178 1212 1214 gravat,
1238 1175 1312 1206 illos
1336 1175 1389 1214 pie

1006 1221 1243 1254 Reeommenda
1267 1222 1413 1256 Domino.

239 1279 326 1307 Grad.
340 1287 384 1306 ms
408 1279 672 1314 Dusseldorpinum
686 1279 713 1306 D
730 1277 762 1305 11
779 1286 855 1305 saec.
872 1276 916 1305 15.
934 1294 971 1298 --
984 1277 1054 1304 Mel.
1068 1289 1107 1298 =
1119 1278 1156 1305 In
1170 1278 1290 1305 coelesti
1303 1278 1479 1305 hierarchia.

609 1352 652 1381 77.
694 1351 736 1382 De
754 1351 850 1382 beata
871 1350 972 1381 Maria
992 1350 1028 1381 V.

249 1412 319 1445 Ave
345 1412 407 1443 Dei
432 1412 580 1454 genitrix,

247 1460 441 1499 coelestium,

246 1507 457 1547 terrestrium,

243 1553 441 1586 infernorum
468 1554 605 1586 domina.

248 1611 294 1644 Ut
316 1610 439 1643 fruetus
464 1611 512 1643 tui
534 1611 655 1643 ventris

248 1658 378 1691 Crescat
400 1659 434 1690 in
459 1658 561 1699 nobis,
587 1659 621 1690 in

245 1707 467 1738 misericordia

243 1754 345 1788 uberi.

249 1812 273 1844 Ο
300 1821 394 1852 quam
421 1810 597 1843 divinitatis

245 1859 414 1891 obumbrat
436 1860 546 1899 virtus,

245 1907 362 1947 spiritu

246 1954 419 1994 principali
442 1954 576 1993 repleta,

246 2010 296 2041 Tu
318 2011 413 2049 plena
434 2010 583 2041 salutaris

246 2057 378 2096 gratiae,

248 2113 342 2143 quam
366 2104 526 2135 inhabitat

244 2151 410 2190 plenitudo
437 2150 574 2183 deitatis.

249 2206 422 2246 Repleatur
449 2206 483 2237 in
507 2206 599 2238 bonis

248 2252 441 2285 desiderium

245 2302 279 2330 tc
304 2301 472 2332 colentium

243 2347 277 2377 in
301 2347 426 2378 laetitia

851 1411 908 1446 lb.

849 1610 910 1644 2b.

851 1810 909 1844 3b.

849 2009 909 2042 4b.

850 2205 908 2239 5b.

931 1412 980 1443 Tu
1008 1412 1115 1443 suavis
1137 1412 1307 1452 universis,

934 1458 1114 1500 fructifera,

934 1506 1125 1539 suavitatem

938 1554 1018 1586 dans
1044 1554 1152 1586 odoris
1177 1554 1312 1595 virgula.

931 1610 1195 1650 Participationis

934 1658 1002 1698 ejus
1026 1658 1061 1690 in
1085 1658 1226 1698 idipsum

932 1705 985 1738 fae
1008 1715 1067 1738 nos
1091 1707 1266 1746 participes

932 1752 1014 1788 fieri.

931 1810 1087 1850 Ejusdem
1111 1811 1293 1850 spiraminis

934 1858 992 1890 sub
1018 1858 1134 1891 umbra
1158 1861 1193 1890 tu
1217 1867 1275 1891 nos

934 1908 1084 1946 protegas

933 1954 967 1985 in
992 1962 1073 1993 pace
1097 1955 1263 1993 perpetua.

933 2010 1129 2041 Medicinam
1156 2010 1197 2041 da
1221 2011 1338 2042 mentis

937 2059 968 2087 et
994 2057 1110 2096 carnis,

933 2105 969 2134 ut
991 2103 1151 2135 inhabitet

932 2151 1035 2182 virtus
1061 2151 1193 2190 spiritus
1216 2151 1251 2182 in
1275 2150 1377 2182 nobis.

931 2206 986 2237 Ad
1012 2207 1146 2246 gloriam
1171 2207 1307 2239 nominis

930 2252 979 2284 tui
1002 2252 1071 2294 filii,

931 2300 983 2331 cui
1007 2301 1086 2343 laus,
1111 2301 1212 2332 honor

931 2347 974 2378 sit
997 2357 1057 2387 per
1081 2347 1217 2380 saecula„

183 2441 189 2447 ¹
238 2403 321 2468 ΗΕΒ.
348 2410 402 2429 ms.
423 2401 650 2429 Sitanstettense
670 2401 749 2428 XIV.
769 2409 845 2428 saec.
868 2399 912 2429 12.
936 2417 972 2424 -—
991 2401 1048 2437 lb,
1074 2400 1092 2429 3
1114 2411 1158 2438 sq.
1179 2403 1357 2430 suavitatem
1379 2404 1478 2434 odoris

160 2448 245 2477 virga
300 2449 322 2467 s.
