1653 2632
173 516 220 547 Za

172 921 219 953 32

172 1185 220 1217 4a

174 1496 220 1527 5a

174 1948 218 1979 6a

692 139 737 144 —
788 118 856 153 290
906 139 951 143 —-

575 220 644 252 398.
684 220 728 251 De
749 219 894 251 Patronis
916 219 1075 250 ecclesiae.

577 300 607 332 1.
633 299 714 340 Ave,
740 307 863 339 serena,

634 346 732 378 laude
756 346 861 386 plena,

634 393 794 425 coelorum
818 393 906 433 regia
931 401 1128 433 corruscans,

631 440 703 472 luce
725 440 825 472 solem
847 439 985 472 fuscans.

222 540 228 546 .
254 514 344 554 Euge
370 515 471 547 dulcis
495 518 612 555 coetus,

253 570 333 601 pace
357 562 490 601 quietus,

253 617 345 648 quem
369 609 415 641 nil
439 609 531 641 triste
554 610 667 652 tangit,

252 656 299 687 nil
323 656 420 697 angit,

249 703 356 743 J'ugem
377 703 515 742 jubilum

252 750 299 781 nil
322 750 465 783 nubilum

253 797 380 837 premit,

252 844 299 876 nil
322 844 485 877 turbidum
510 844 627 879 fremit.

223 947 229 953 .
255 920 301 952 Te
322 921 389 960 jam
414 925 594 953 currentem

255 967 398 999 Christus
423 971 455 999 et
478 969 520 1000 ad
545 977 580 1000 se
604 967 782 1000 trahentem

254 1017 417 1054 exspectat
441 1024 512 1047 cum
535 1014 654 1058 favore,

253 1070 346 1101 quam
371 1062 432 1094 sibi
457 1063 627 1102 despondit

254 1108 447 1141 subarrhans
475 1118 595 1142 cruore.

222 1211 228 1217 .
255 1185 305 1217 Tu
329 1194 443 1224 agnum
464 1185 526 1216 Dei

255 1231 328 1262 nisu
350 1230 437 1271 fidei,
463 1232 542 1272 spei,

254 1279 458 1318 caritatisque
480 1279 600 1312 virtute

254 1326 369 1357 sectari

253 1373 381 1404 studeas
406 1374 439 1404 et
461 1372 624 1405 ardentius

253 1419 439 1459 amplexari.

222 1519 229 1526 .
255 1494 340 1526 Hinc
361 1495 500 1535 gentium
518 1496 651 1528 collecta
667 1495 791 1540 finibus,

255 1544 291 1572 ut
315 1542 473 1573 coelorum
498 1541 619 1576 refecta
642 1544 763 1575 sinibus

254 1598 274 1619 a
297 1588 475 1620 turbinibus

254 1636 365 1668 mundi
388 1636 530 1676 quiescas

255 1685 287 1714 et
309 1683 392 1715 inter
415 1683 488 1715 illos

254 1731 451 1762 coexsultans
476 1731 660 1772 hilarescas,

253 1786 330 1817 quos
353 1778 513 1811 vindemia

255 1824 418 1857 defaecata
441 1827 557 1866 regalis

254 1872 354 1904 cellae
375 1873 441 1912 jam
468 1874 617 1906 debriant
640 1875 769 1915 gremia.

223 1972 231 1979 .
255 1946 323 1979 Fac
348 1947 436 1980 fonte
459 1949 541 1981 lotos

256 1994 413 2034 Baptismi
436 1998 521 2028 totos

255 2041 314 2073 tibi
337 2044 402 2073 tam
429 2043 569 2083 devotos,

254 2090 290 2119 ut
312 2088 478 2121 horrentes

254 2135 334 2166 haec
353 2136 590 2176 inquinamenta

259 2183 361 2214 carnis
387 2185 579 2226 caenolenta,

256 2232 288 2260 te
314 2231 399 2261 cervi
423 2240 511 2263 more

256 2275 374 2307 fontem
397 2278 515 2319 sitiant,

255 2326 289 2354 ut
314 2327 467 2363 appetant

258 2378 327 2401 cum
351 2370 484 2406 fervore.

853 516 911 549 2b.

853 923 910 956 3b.

851 1187 910 1220 4b.

934 516 1032 556 Virgo
1057 517 1144 557 Sion,
1172 526 1274 559 curre,

934 563 1014 597 viles
1038 563 1192 597 saburrae

934 611 1045 642 mundi
1069 620 1132 643 non
1157 612 1323 653 obsistant,

936 667 1016 698 quae
1040 659 1161 691 distant

936 715 956 738 a
981 705 1111 749 divit-in,

937 753 1059 786 deliciis

933 801 1010 840 poli,

935 848 1118 888 pigrescere
1141 849 1216 881 noli.

933 923 980 955 Te
1004 924 1089 964 ligno
1115 925 1217 957 crucis

936 971 977 1003 ad
1003 980 1038 1002 se
1061 972 1170 1012 traxit,
1193 975 1230 1004 ut
1255 973 1383 1006 caducis

932 1027 996 1049 non
1019 1018 1177 1060 intendas,
1202 1021 1260 1052 sed
1284 1022 1398 1054 tendas

937 1066 978 1097 ad
1004 1067 1113 1106 sponsi
1137 1070 1293 1100 secretum

935 1112 1038 1145 cubile
1062 1114 1211 1153 quietum.

932 1188 1043 1228 Tuque
1067 1187 1224 1221 furentem

933 1236 1085 1267 mundum
1114 1239 1147 1268 et
1169 1238 1384 1270 retrahentem

935 1283 1112 1322 despiciens
1139 1287 1170 1316 et
1193 1294 1348 1325 spernens

934 1331 1085 1362 conculca

934 1379 966 1408 et
989 1386 1098 1417 puppe
1123 1380 1225 1411 crucis
1250 1381 1371 1412 saeculi

933 1422 1047 1455 fluctus
1072 1426 1171 1458 sulca.

852 1501 870 1532 5
879 1499 910 1534 b,
930 1499 994 1531 Hic
1002 1509 1125 1544 manna,
1137 1502 1222 1541 quod
1231 1502 1370 1535 oblectat
1379 1503 1476 1546 sacie,

856 1953 912 1988 6b.

932 1547 1103 1579 irradiatos
1127 1548 1188 1580 Dei
1212 1548 1306 1591 facie,

932 1594 1029 1634 plena
1052 1596 1184 1636 gratiae,

933 1651 1014 1673 unus
1039 1645 1072 1674 et
1094 1643 1197 1675 trinus

934 1698 1011 1728 quos
1035 1690 1106 1722 unit
1129 1690 1163 1722 in
1187 1700 1232 1732 se,

935 1735 1113 1768 Jerusalem
1137 1746 1228 1770 sacer
1254 1740 1395 1772 caminus

934 1787 1008 1823 post
1029 1785 1202 1825 igniculum

937 1831 1024 1872 Sion,
1049 1832 1110 1864 hoc
1134 1842 1192 1865 nos
1216 1834 1325 1875 ignito,

936 1878 957 1911 J
959 1887 1024 1920 esu,
1049 1882 1124 1919 post
1144 1882 1256 1914 mundi
1276 1883 1477 1916 curriculum.

935 1954 1003 1986 Fac
1025 1955 1108 1996 ignis
1134 1957 1207 1996 puri

938 2010 992 2034 cor
1015 2004 1201 2035 mundatur-i

934 2049 982 2080 sic
1005 2059 1063 2081 nos
1087 2049 1222 2084 flammis
1246 2053 1307 2093 uri,

935 2099 971 2128 ut
996 2098 1155 2131 siccentur

935 2144 1028 2176 luxus
1053 2147 1223 2187 scaturigo,

938 2192 1104 2224 criminum
1127 2194 1251 2234 rubigo,

936 2242 1074 2279 purgata
1096 2250 1227 2280 prorsus

936 2295 999 2318 non
1017 2287 1052 2318 in
1075 2291 1215 2329 pectora,

936 2342 999 2365 non
1023 2335 1056 2365 in
1083 2344 1217 2375 corpora

937 2379 1013 2421 figat
1038 2391 1170 2415 morsus.
1228 2377 1235 2384 ’
