1653 2632
672 141 834 177 —253
896 161 939 167 —

146 238 204 270 6a.
232 237 299 270 Soli
324 236 452 278 fastigio
834 238 891 272 612.
915 238 961 271 Ut
986 238 1096 278 dignos
1121 236 1230 269 bravio

229 285 374 317 Polonici
399 286 506 317 concio
913 285 976 317 Dei
1002 284 1141 325 dignatio

229 332 300 365 Jam
327 333 472 365 concinat
497 341 569 364 cum
915 332 981 364 Nos
1006 332 1122 363 reddat
1148 331 1258 363 decur-

276 380 430 424 tripudio‚
962 388 996 411 so
1018 379 1132 410 stadio.

221 455 305 483 Miss.
323 464 376 483 nis.
393 454 487 491 Capit.
502 455 686 483 Olomueens.
697 453 733 482 45
745 462 820 482 saec.
837 453 880 482 15.
893 454 928 482 Λ.
942 468 978 472 --
992 454 1076 481 Miss.
1090 461 1143 480 m.s
1162 453 1255 488 Capit.
1274 452 1460 480 ‹ncmucens

147 491 199 521 131
222 501 299 538 saec.
321 492 366 521 14.
387 494 420 521 B.
440 508 477 512 —-
497 493 580 520 Miss.
606 501 658 520 ms
680 489 1059 529 C·2pit.010mucens.138
1079 490 1340 518 saec.14.c.—
1366 487 1418 525 21³,
1440 487 1461 516 3

145 532 498 597 ffililgniggffiguiffilffines
519 531 610 558 durch
630 530 687 558 den
707 502 792 558 {eim
813 530 910 558 ausser
929 530 978 557 Zw
981 529 1055 557 eifel.
1077 543 1113 548 —
1132 529 1199 556 Mel.
1214 527 1459 556 selbstverst'and-

575 665 643 696 344.
683 664 726 695 De
747 665 853 695 saneto
871 664 1035 704 Stephano.

145 738 202 770 la.
231 738 453 775 Protomartyr
478 734 597 767 Christi
622 735 717 773 mitis,
832 734 891 768 1b.
915 734 938 767 O
967 733 1100 765 dulcedo
1126 735 1337 773 peccatorum,

228 784 363 817 Pietatis
389 791 465 815 vera
489 783 574 821 vitis,
913 780 1084 821 Stephane,
1109 783 1348 820 persecutorum

275 831 392 871 Lapsis
417 830 580 869 relevatio,
960 828 1199 861 Reconciliatio.

145 891 201 922 2a.
228 889 298 921 Tua
322 896 419 928 prece
443 896 500 919 nos
526 888 670 926 emunda,
834 885 891 919 2b.
916 884 1021 917 Corda
1044 893 1152 916 resera
1175 887 1289 921 serata,

226 936 317 969 Lava
340 935 543 967 lacrimarum
568 934 655 966 unda
915 933 1077 965 Potestate
1101 931 1170 963 Deo
1196 934 1286 970 grata

274 985 375 1016 Actus
400 984 526 1013 nostros
549 984 682 1014 terreos,
958 980 1072 1012 Vectes
1098 976 1210 1017 frange
1234 976 1365 1010 ferreos,

145 1043 201 1075 3a.
229 1041 288 1080 Qui
313 1041 388 1071 sunt
410 1039 515 1078 pudor
541 1036 721 1076 confitendi,
834 1035 892 1068 3b.
915 1035 969 1067 Sic
992 1033 1130 1066 infusum
1153 1034 1241 1066 virus
1267 1033 1367 1072 cedet,

226 1088 354 1120 Horror
379 1084 597 1117 satisfaciendi
915 1082 965 1114 Ne
989 1082 1138 1114 seductor
1160 1090 1217 1112 nos
1245 1081 1317 1120 plus
1349 1079 1460 1111 laedet

277 1137 387 1173 Amor,
414 1133 509 1164 timor
533 1132 662 1164 saeculi.
962 1128 1092 1161 Fraude
1116 1129 1165 1159 sui
1186 1128 1293 1167 Jaculi.

220 1199 307 1228 Miss.
328 1207 380 1226 ms.
402 1198 625 1226 Sitanstettense
648 1196 693 1224 77.
715 1204 790 1224 saec.
813 1194 859 1224 15.

562 1299 629 1330 345.
668 1298 712 1329 De
731 1297 838 1328 saneto
860 1296 1025 1336 Stephano.

142 1375 194 1408 la.
222 1373 380 1413 Stephani
408 1370 544 1402 victoria
831 1366 888 1399 lb.
912 1366 972 1405 Qui
991 1368 1085 1397 natus
1108 1365 1148 1396 de
1171 1363 1295 1403 virgine

225 1420 390 1454 Communi
415 1417 586 1450 concordia
912 1413 986 1445 Sine
1011 1412 1072 1444 viri
1093 1412 1213 1443 semine

272 1467 496 1502 Collaudemus
521 1463 700 1496 Dominum.
959 1460 1021 1492 Pro
1047 1460 1150 1491 salute
1173 1457 1346 1496 hominum,

140 1528 197 1560 2a.
226 1525 398 1559 Coronavit
421 1522 517 1555 hodie
829 1518 886 1550 2b.
910 1518 970 1558 Qui
995 1517 1107 1549 duetus
1134 1515 1264 1547 consilio

224 1573 421 1613 Stephanum
446 1571 479 1602 in
504 1569 573 1601 acie
908 1565 1027 1597 Missus
1054 1567 1102 1595 est
1125 1564 1159 1595 in
1183 1562 1299 1601 medio,

273 1620 454 1653 Certantem
478 1616 624 1650 Judaica.
956 1612 1056 1645 Facie
1080 1610 1232 1651 angelica.

141 1681 198 1712 3a.
221 1678 342 1719 Coelos,
368 1675 482 1715 inquit,
507 1673 601 1706 video
828 1670 885 1703 31).
907 1669 1000 1702 Dono
1026 1668 1128 1700 sancti
1154 1667 1285 1707 spiritus

221 1725 363 1765 Apertos
389 1725 421 1754 et
446 1731 516 1753 eum
539 1720 608 1752 Deo
909 1716 1020 1750 Turba
1044 1716 1129 1747 victa
1153 1714 1280 1754 penitus

271 1771 416 1803 Stantem
440 1769 504 1802 Dei
526 1766 637 1799 filium.
955 1763 1050 1796 Furit
1073 1761 1259 1794 infidelium.

139 1831 196 1863 4a.
223 1829 360 1861 Armata
380 1825 543 1866 lapidibus
827 1821 888 1855 4b.
911 1820 1056 1858 Domine,
1082 1827 1123 1850 ne
1148 1820 1268 1850 statuas

224 1876 375 1909 Sanctum
400 1874 530 1914 quassat
550 1870 676 1913 ictibus⁷
908 1867 979 1900 Nec
999 1867 1117 1899 malum
1142 1866 1292 1897 restituas

272 1924 350 1956 Orat
371 1920 462 1953 flexis
488 1919 636 1960 genibus:
955 1915 1079 1955 Ignaris
1104 1913 1288 1946 sceleribus,

139 1985 196 2017 5a.
222 1981 302 2014 Mox
326 1979 474 2020 spiritum
499 1976 635 2009 tradidit
827 1973 885 2007 5b.
910 1973 1006 2012 Cujus
1031 1980 1128 2012 prece
1153 1970 1323 2011 poscimus,

221 2028 267 2061 Et
292 2028 427 2060 Domino
453 2025 598 2058 reddidit
908 2020 954 2053 Ut
977 2020 1098 2052 habere
1121 2018 1278 2059 possimus

267 2076 394 2109 Primus
417 2077 541 2114 martyr
566 2071 712 2104 omnium.
957 2068 1145 2101 Sanctorum
1170 2065 1373 2098 consortium.

211 2144 320 2172 Prosar
340 2150 394 2169 ms.
414 2139 601 2168 Franciscan.
623 2145 698 2165 saec.
720 2134 764 2164 14.
786 2135 856 2163 Cod.
875 2135 1051 2162 Parisiense.
1074 2130 1156 2161 1339.
1177 2147 1215 2151 —
1234 2132 1292 2159 Mit
1309 2131 1382 2158 Mel.

522 2240 588 2272 346.
630 2240 662 2271 In
684 2237 868 2271 Inventione
888 2244 912 2268 s.
934 2236 1096 2277 Stephani.

136 2320 192 2354 la.
217 2317 424 2353 Exsultemus
826 2308 886 2343 ib.
909 2308 990 2349 Regi
1014 2316 1126 2350 regum

218 2365 295 2399 Pari
317 2366 391 2397 voto
417 2360 587 2394 melodiam
907 2357 946 2389 In
970 2358 1111 2395 martyre
1135 2355 1262 2388 laudem
1288 2354 1419 2394 dignam

264 2412 512 2453 Coneordantes‚
955 2404 1168 2437 CelebranteS.
