1653 2632
710 130 971 165 —238—

578 222 644 253 323.
682 221 717 252 In
739 221 944 253 conversione
965 229 988 252 s.
1009 220 1108 251 Pauli.

194 306 252 337 la.
277 303 381 336 Adest
405 303 495 335 nobis
522 303 589 335 dies
613 303 707 339 laeta,
875 300 933 333 lb.
955 300 1123 340 Benjamin
1147 303 1183 332 ut
1207 301 1300 340 lupus
1325 310 1434 343 rapax,

274 352 371 391 Quam
397 350 598 390 praemonuit
622 349 780 389 propheta
957 347 1055 379 Mane
1079 348 1231 387 praedam
1259 349 1333 380 edet
1356 357 1465 390 vorax,

319 399 408 431 Haec
440 405 639 437 praeponens
664 395 813 437 mystica:
1006 394 1083 427 Sero
1109 398 1239 436 sparget
1262 396 1375 435 spolia.

193 456 249 487 2a.
276 454 442 493 Benjamin
468 453 521 484 hic
544 453 649 492 signat
672 452 815 491 Paulum,
876 451 938 484 ab.
960 451 1013 484 Ex
1036 452 1142 483 Basan
1169 451 1361 485 confusionis

275 500 338 532 Sed
365 509 403 532 ex
429 500 496 539 eJ'us
522 500 622 538 stirpe
648 498 788 539 Saulum,
957 499 996 531 In
1018 498 1177 538 profundo
1202 502 1330 531 vertens
1354 500 1462 538 maris,

320 548 417 586 Quem
444 546 599 577 convertit
624 546 776 577 Dominus
1006 546 1097 585 Quod
1122 547 1279 578 commisit
1301 547 1429 579 inscius.

192 605 249 637 3a.
276 601 338 634 Pes
363 603 513 634 intinctus
538 602 571 633 in
598 611 709 634 cruore
877 602 934 635 3b.
956 602 1083 643 Lingua
1108 612 1220 635 canum
1244 603 1319 635 hinc
1343 603 1383 635 ab
1407 604 1478 643 ipso

274 650 339 683 Sed
365 649 493 681 coelesti
517 650 601 681 lotus
627 658 699 681 rore
958 650 1085 682 Laudes
1113 650 1169 682 dat
1191 651 1308 691 ubique
1333 651 1459 683 Christo

322 696 438 728 Defert
461 697 634 736 evangelia,
1005 697 1145 737 Sequens
1171 699 1238 737 ejus
1263 699 1392 730 monita.

193 755 251 786 42.
278 753 355 785 Jesu
377 753 470 791 bone,
500 762 592 792 quam
618 753 723 784 suavis
876 753 936 785 4b.
959 753 1008 785 Tu
1033 754 1073 786 de
1098 755 1194 786 coelis
1219 757 1378 795 tamquam
1402 755 1474 795 pari

277 800 408 839 Semper
434 809 466 831 es
493 802 524 831 et
547 800 626 839 ipsis
651 800 769 842 pravis,
958 800 1115 840 Dignatus
1141 811 1174 833 es
1199 801 1295 833 Saulo
1320 801 1392 844 fari,

323 847 406 885 Quos
430 855 539 878 mones
563 850 746 886 revertere3
1005 848 1089 879 Dum
1115 849 1199 888 cogis
1224 849 1376 888 resipere.

196 906 251 937 5a.
278 903 382 943 Saule,
403 903 507 942 Saule,
879 904 938 938 5b.
961 904 1044 943 Quid
1068 905 1101 936 in
1126 905 1221 936 terris

322 959 419 989 quare
442 960 493 982 me
516 950 742 991 persequeris?
1005 951 1147 984 membra
1170 961 1241 984 mea
1266 951 1427 984 conteris?

195 1009 251 1040 6a.
278 1007 316 1039 1n
341 1007 404 1038 hoc
427 1007 525 1039 verbo
549 1008 763 1047 prostravisti,
879 1008 936 1041 6b.
961 1008 1065 1040 Atrox
1089 1017 1225 1048 namque
1248 1012 1434 1048 persecutor

278 1054 376 1093 Quem
400 1057 554 1086 mutatum
581 1055 709 1086 erexisti
959 1055 1051 1087 Mitis
1077 1054 1180 1087 factus
1205 1057 1408 1095 praedicator

324 1100 499 1133 Manifesta
526 1102 647 1142 gratia3
1007 1103 1115 1135 Fulsit
1135 1104 1167 1134 in
1197 1104 1341 1135 ecclesia.

198 1159 252 1190 va.
281 1158 401 1197 Quique
427 1161 537 1190 contra
560 1161 631 1190 tuos
656 1158 767 1200 saevit,
881 1159 938 1191 7b.
959 1159 1067 1198 Ipsum
1094 1168 1218 1199 quoque
1245 1168 1303 1199 per
1328 1162 1361 1191 te
1385 1159 1504 1191 factum

278 1205 434 1236 Mundum
450 1209 522 1244 post
538 1206 618 1237 haee
634 1205 822 1244 adimplevit
960 1206 1064 1238 Docet
1087 1215 1157 1238 esse
1180 1216 1218 1238 ae
1242 1208 1442 1246 redemptum

324 1251 424 1283 Fama
448 1253 494 1283 tui
517 1253 664 1292 nominis,
1007 1253 1102 1286 Unda
1124 1254 1171 1285 tui
1195 1255 1367 1294 sanguiniS.

198 1308 255 1340 8a.
279 1308 321 1340 Ei
345 1308 412 1340 vita
434 1310 469 1339 tu
494 1307 594 1348 fuisti,
880 1310 937 1342 8b.
959 1311 1099 1342 Lucrum
1126 1311 1214 1343 istud
1236 1311 1300 1342 iter
1323 1320 1458 1351 pronum

282 1357 378 1393 Quem
405 1357 436 1386 et
459 1355 582 1386 lucrum
608 1355 742 1386 docuisti
961 1357 1063 1388 Nobis
1088 1358 1132 1389 sit
1152 1359 1195 1390 ad
1220 1358 1305 1389 vitae
1331 1359 1457 1390 domum

325 1401 412 1433 Mori
435 1411 494 1441 pro
518 1404 551 1433 te
575 1402 745 1445 optimum3
1008 1405 1047 1437 In
1073 1414 1135 1444 qua
1158 1413 1284 1444 semper
1308 1405 1467 1446 gaudium.

273 1484 355 1511 Miss.
382 1492 434 1510 ms.
460 1485 690 1520 compendiense
715 1493 790 1512 saec.
820 1484 863 1513 14.
893 1486 961 1514 Cod.
990 1487 1148 1514 Parisiens.
1181 1486 1216 1514 17
1226 1485 1291 1515 318.
1313 1488 1346 1515 A.
1366 1503 1405 1507 -—
1423 1490 1506 1516 Miss.

197 1530 250 1549 ms.
280 1522 509 1556 compendien&
536 1530 610 1549 saec.
639 1521 683 1550 14.
708 1523 777 1550 Coa.
798 1524 959 1551 Parisiens.
988 1523 1022 1551 17
1033 1523 1098 1552 321.
1120 1526 1169 1554 B.:
1197 1525 1283 1553 beide
1308 1527 1363 1553 mit
1380 1527 1449 1554 Mel.
1469 1542 1508 1546 -Ἷ

197 1559 247 1592 7a,
271 1559 285 1587 1
307 1559 364 1592 Qui
384 1563 486 1587 eontra
505 1562 571 1587 tuos
590 1560 650 1587 AB.
671 1575 707 1579 -
728 1559 778 1595 8b‚
801 1559 818 1587 2
838 1562 953 1595 donum,
973 1562 1098 1590 welches
1119 1563 1194 1590 auch
1215 1563 1266 1590 der
1284 1563 1369 1591 Reim
1388 1565 1506 1595 foi-(lert.

196 1597 271 1628 AR:
293 1597 331 1624 da
351 1598 420 1625 aber
440 1598 491 1625 der
505 1597 590 1625 Roim
610 1599 684 1626 auch
705 1601 788 1626 sons‘c
807 1599 890 1626 nicht
908 1601 972 1627 rein
992 1601 1039 1635 ist,
1060 1601 1134 1628 wirsl
1154 1601 1260 1629 domun
1284 1610 1321 1628 zu
1335 1602 1418 1629 lesen
1432 1604 1504 1636 sein,

198 1635 323 1663 welche(
347 1635 397 1663 der
417 1635 491 1663 Sinn
511 1635 664 1663 erheischt.

599 1750 666 1782 324.
709 1752 751 1783 De
770 1760 793 1783 s.
817 1753 910 1784 Petro
932 1752 1112 1785 coelestino.

199 1831 254 1863 la.
282 1830 372 1862 Petri
395 1830 462 1862 vita
485 1830 668 1871 laudabilis,
885 1832 943 1866 lb.
965 1833 1026 1865 His
1049 1834 1198 1866 laudibus
1225 1837 1257 1866 et
1277 1835 1389 1875 J'ubilis

281 1877 457 1909 Sanctitate
480 1878 645 1918 mirabilis,
967 1881 1089 1914 Colitur
1109 1882 1294 1914 increabilis

329 1924 446 1966 Fulget
473 1926 507 1957 in
531 1926 666 1958 eeclesia
1013 1928 1086 1961 Lux
1112 1928 1226 1961 diffusa
1250 1931 1362 1970 gratia.

203 1983 258 2013 2a.
285 1982 399 2013 Petrus
422 1982 456 2013 in
481 1985 574 2021 petra
598 1982 739 2013 nascitur
885 1984 944 2017 2b.
967 1986 1082 2017 Petrus
1108 1994 1148 2017 ex
1171 1988 1264 2025 petra
1287 1987 1435 2027 trahitur,

282 2028 396 2059 Petrus
420 2038 439 2060 a
462 2032 556 2068 petra
582 2029 697 2061 dicitur
966 2032 1008 2064 Vi
1032 2033 1156 2072 gratiae
1181 2034 1386 2066 contunditur

330 2075 466 2116 Christo,
492 2086 512 2108 a
536 2085 596 2116 quo
622 2077 759 2116 electus;
1014 2079 1059 2111 Et
1083 2080 1231 2112 redditur
1254 2080 1427 2121 perfectus,

200 2132 256 2163 3a.
283 2132 380 2163 Petra
403 2133 534 2164 Petrum
560 2133 655 2173 digne
678 2134 759 2165 texit
886 2135 944 2168 ab.
963 2136 1062 2168 Petra
1088 2136 1231 2169 Christus
1254 2137 1339 2169 hunc
1363 2139 1474 2179 erexit,

283 2179 341 2217 Qui
364 2182 517 2218 papatum
543 2180 638 2220 digne
661 2181 745 2213 rexit
967 2183 1163 2223 Dignissime
1187 2184 1272 2216 hunc
1296 2185 1400 2217 evexit

330 2225 439 2257 Justus
464 2226 495 2257 in
522 2228 619 2259 tantis
644 2228 785 2267 thronis;
1017 2230 1129 2263 Gradu
1152 2230 1370 2271 perfectionis,

200 2282 259 2313 4a.
285 2282 400 2314 Petrus
434 2283 486 2314 hic
512 2287 658 2315 constans
682 2287 714 2315 et
733 2283 826 2315 fortis
886 2286 945 2319 4b.
968 2287 1066 2318 Duris
1095 2288 1206 2327 poenis
1232 2290 1265 2319 et
1288 2289 1418 2321 retortis

285 2329 395 2368 Usque
420 2331 460 2362 ad
487 2331 603 2362 exitum
629 2331 739 2363 mortis
968 2334 1011 2366 Et
1035 2335 1197 2368 laboribus
1221 2336 1339 2367 exortis

332 2376 403 2407 Non
430 2385 577 2409 recusans
602 2378 753 2411 laborem.
1015 2381 1156 2422 Jungens
1182 2382 1287 2414 cordis
1313 2383 1471 2416 ardorem.
