1653 2632
167 219 213 250 7a

164 574 218 594 ms.

697 118 935 153 -50-

215 243 222 251 .
250 217 297 249 Te
321 217 490 248 laudantes
514 218 650 255 intuere,
847 213 904 246 7b.
926 213 973 245 Ut
997 212 1177 252 quicunque
1200 214 1233 243 te
1259 211 1444 243 collaudant

247 265 435 297 Innocentes
461 266 619 301 contuere,
931 259 1050 292 Contra
1090 266 1228 297 pneuma
1267 267 1332 290 non
1370 257 1474 290 delin-

248 312 457 344 Peccatorum
481 311 633 342 miserere
1247 307 1356 347 quant,

246 358 290 391 Et
315 358 452 391 rebelles
477 356 530 389 fac
553 365 668 397 parere
931 353 1119 386 Creatorem
1141 360 1205 383 non
1230 350 1402 392 offendant,

297 405 495 438 Gubernanti
517 404 638 443 omnia3
930 399 1143 439 Redemptori
1165 398 1279 430 laudes
1303 400 1446 438 pangant

979 448 1043 480 Per
1070 448 1200 478 aeterna
1225 445 1363 478 saecula.

240 528 323 555 Miss.
344 535 396 554 ms.
418 524 674 554 Raitenbuchense
696 531 771 551 saec..
795 522 838 551 15.
861 522 934 550 Clm.
958 522 1128 549 Monacens.
1152 518 1258 548 12204.
1279 518 1314 546 A.
1336 534 1373 537 —
1396 519 1477 546 Orat.

241 564 477 593 Underdorfense
496 571 573 591 saec.
600 561 642 590 15.
665 561 738 588 Clm.
760 561 930 588 Monacens.
952 558 1036 587 7815.
1057 559 1090 586 Β.

566 682 611 713 58.
651 680 688 713 In
708 678 964 711 Praesentatione
984 678 1072 710 ΜΝ.

167 764 223 800 la.
252 763 348 804 Audi,
372 762 488 803 Maria,
514 771 582 802 nos,
850 759 909 793 lb.
933 759 1032 799 Audi,
1059 758 1175 801 Maria,
1200 766 1258 790 nos

296 811 467 850 Templum
492 809 630 850 deitatis,
981 806 1105 838 Nantes
1130 806 1163 837 in
1187 806 1341 846 peccatis.

167 880 222 911 2a.
249 877 301 910 En
327 878 531 917 praesentat-a
556 884 589 908 es
850 873 911 906 2b.
934 873 998 905 Per
1024 872 1136 912 quinos
1158 873 1280 913 gradus
1307 880 1383 912 pres

296 924 430 964 Templo
456 923 552 955 trima
575 922 682 963 hodie,
981 919 1168 952 Ascendisti
1193 928 1343 959 propere.

167 993 222 1025 3a.
252 990 379 1023 Gaudia
402 999 486 1022 nova
850 986 909 1020 31).
932 986 1039 1028 Orbis,
1064 986 1141 1017 hinc
1165 994 1236 1025 ova,

250 1038 330 1070 Sunt
355 1040 435 1077 orta,
932 1033 1024 1072 Quod
1051 1035 1147 1073 porta

296 1084 386 1117 Haeo
412 1084 488 1116 dum
510 1084 650 1124 sistitur3
980 1081 1070 1114 Coeli
1094 1081 1259 1121 panditur.

168 1154 225 1185 4a.
250 1151 317 1183 Nos
344 1151 478 1190 custodi,
504 1151 605 1191 virgo,
852 1147 912 1181 4b.
932 1147 1051 1179 Mundi
1075 1147 1180 1189 hujus,
1207 1147 1308 1187 virgo,

250 1200 281 1230 A
305 1201 509 1238 peccatorum
532 1196 681 1229 fiuctibus
934 1194 1003 1226 Nos
1028 1203 1107 1227 orna
1131 1194 1314 1227 virtutibus,

169 1266 227 1299 5a.
255 1266 336 1304 Ave,
361 1266 474 1304 potens
497 1264 550 1295 hic
573 1265 720 1304 patrona,
852 1261 911 1294 5b.
933 1260 1006 1293 Non
1031 1261 1086 1292 hic
1109 1261 1207 1293 simus
1232 1261 1372 1294 viatores

299 1311 493 1344 corruscans
517 1311 689 1351 miraculis,
981 1309 1020 1340 ln
1045 1309 1131 1341 valle
1156 1309 1316 1349 miseriae,

251 1360 332 1400 Ave,
358 1367 486 1390 reorum
510 1360 666 1398 matrona,
934 1357 1112 1388 Praesenta
1135 1365 1193 1388 nos
1218 1358 1405 1396 peccatores

301 1406 493 1446 Comparata
516 1405 604 1438 liliis.
980 1403 1019 1435 In
1045 1404 1170 1443 asylum
1194 1404 1327 1444 gloriae.

171 1684 215 1717 la

170 1941 218 1973 2a

172 2195 216 2226 3n

245 1481 420 1509 Cantionale
439 1490 493 1509 ms.
512 1481 744 1518 Vissegradense
762 1480 791 1508 V
812 1479 835 1507 Ο
855 1488 871 1507 c
893 1488 912 1513 η
932 1487 1009 1507 saec.
1032 1477 1076 1507 15.

573 1601 620 1633 59.
660 1601 695 1633 In
717 1600 963 1632 Annuntiatione
983 1599 1073 1631 BMV.

219 1708 226 1716 .
254 1682 279 1715 Ο
304 1684 430 1721 tempus
458 1684 636 1721 temporum
857 1680 916 1713 lb.
937 1679 1120 1711 Attendens
1141 1679 1260 1712 misera

298 1729 531 1769 Desiderabile,
981 1726 1123 1759 Humani
1148 1728 1273 1767 generis

251 1778 317 1817 Quo
339 1776 427 1808 Deus
453 1777 592 1808 omnium
933 1775 979 1807 Et
1004 1774 1201 1807 damnabilia

299 1824 371 1856 Hoc
399 1833 458 1857 ave
480 1824 588 1857 habile
984 1823 1120 1863 Antiqui
1144 1822 1285 1863 seminis,

347 1871 453 1904 Mittit
475 1872 509 1903 in
534 1872 672 1913 saecula,
1031 1870 1076 1902 Et
1100 1869 1207 1902 aufert
1232 1870 1346 1904 omnia.

220 1964 227 1972 .
254 1939 278 1971 O
305 1936 499 1981 felicissima,
854 1936 913 1970 ab.
933 1936 1042 1969 Mater
1062 1940 1095 1968 et
1118 1935 1186 1969 filia

300 1985 371 2017 Ave
395 1994 477 2025 quae
498 1986 642 2026 suscipit,
981 1984 1080 2024 Virgo
1106 1983 1257 2025 efficitur,

252 2033 352 2073 Virgo
377 2033 548 2072 purissima
938 2031 1012 2063 Vim
1036 2040 1096 2071 per
1119 2032 1200 2063 haec
1221 2032 1301 2065 talia

301 2079 443 2111 Salutem
467 2080 596 2120 peperit
986 2078 1113 2110 Natura
1136 2079 1261 2119 patitur

350 2126 521 2159 Commune
545 2126 694 2160 omnium.
1033 2125 1095 2157 Dei
1119 2135 1179 2166 per
1204 2127 1364 2167 spiritum.

220 2218 228 2226 .
254 2192 380 2232 Lingua
404 2201 485 2232 quae
508 2192 629 2232 poterit
857 2190 915 2224 3b.
940 2191 965 2224 Ο
991 2192 1081 2232 virgo
1106 2193 1278 2233 virginum,

301 2239 401 2271 Plene
427 2240 614 2279 depromere
987 2238 1038 2270 Tu
1062 2239 1103 2271 de
1128 2240 1319 2272 coelestibus

256 2286 315 2317 Vel
341 2287 411 2326 quis
435 2287 590 2318 retexerit
941 2286 1093 2318 Advocas
1117 2286 1300 2327 Dominum,

293 2333 343 2365 De
365 2336 454 2364 textu
478 2334 592 2365 literae
990 2334 1090 2373 Quem
1116 2334 1173 2365 das
1198 2335 1406 2368 terrestribus

350 2380 443 2412 Dona
468 2380 548 2412 haec
571 2378 717 2420 gratiae?
1036 2381 1101 2413 Pro
1127 2380 1210 2412 dono
1234 2381 1357 2415 veniae.
