1653 2632
175 408 234 439 2a.

677 156 935 192 —213—

577 248 644 279 2:55.
683 248 727 279 De
746 249 850 280 saneto
871 249 1042 281 Mammete.

620 310 650 342 1.
677 310 882 350 Omnipotens
907 310 1003 350 Deus,

679 357 764 389 salus
788 360 899 389 nostra
922 367 1009 397 vera,

263 406 359 447 Cujus
384 408 517 448 imperio

263 454 412 487 subditur
438 459 593 496 creatura,

174 512 235 544 3a.
263 511 395 543 Creator
419 512 567 553 omnium,

260 567 396 599 regnans
421 568 480 599 per
506 561 628 592 saecula

257 607 461 647 sempiterna,

172 663 232 695 4a.
259 662 309 694 Tu
334 671 367 693 es
389 663 525 694 victoria

172 814 229 846 5a.

170 1014 227 1045 6a.

171 1259 226 1291 7a.

165 1458 222 1490 8a.

165 1893 221 1925 9a.

215 2249 299 2276 Miss.
323 2257 377 2276 ms.
403 2247 432 2275 S.
454 2247 597 2282 Stephani
617 2248 790 2275 Divionens.
818 2255 893 2275 saec.
916 2245 959 2275 15.
991 2247 1061 2275 Cod.
1085 2247 1246 2274 Parisiens.
1273 2245 1329 2275 879
1358 2248 1392 2275 A.
1418 2263 1456 2268 —-

136 2287 225 2316 Grad.
246 2295 300 2314 ms.
320 2287 543 2323 Lougoi-etense
562 2294 638 2313 saec.
654 2284 698 2313 13.
722 2285 791 2313 Cod.
804 2286 964 2313 Parisiens.
986 2283 1084 2313 10511
1105 2286 1139 2313 Β.
1159 2301 1198 2305 —
1218 2284 1269 2318 212,
1285 2284 1300 2313 1
1323 2287 1347 2315 O
1369 2295 1456 2323 quam

134 2325 304 2354 veneranda
323 2326 356 2354 B.
374 2341 412 2345 —-
432 2324 484 2359 5a,
507 2324 521 2352 1
544 2324 568 2352 Ο
588 2333 641 2352 rex
669 2325 812 2352 immense
831 2324 896 2352 AB.
917 2340 955 2343 —
977 2322 1028 2359 61),
1057 2322 1072 2351 1
1099 2324 1163 2351 dira
1188 2325 1221 2351 in
1250 2322 1300 2358 6b,
1328 2322 1346 2353 3
1371 2328 1456 2354 unter

340 2364 391 2392 des
411 2363 595 2392 Versmasses
615 2363 688 2398 ΑΒ,
711 2363 784 2392 dura
803 2363 836 2391 B.
859 2377 897 2382 —
916 2361 970 2396 71),
993 2360 1010 2390 3
1029 2363 1148 2398 gemina
1167 2363 1200 2390 B.
1220 2377 1259 2381 -—
1283 2361 1333 2397 8a,
1360 2363 1379 2391 4
1402 2373 1455 2401 pro

135 2365 315 2400 Zersffirung

132 2403 210 2431 fehlt
227 2403 263 2430 A.
283 2418 322 2423 —
341 2401 395 2438 8a,
418 2401 435 2431 9
465 2402 561 2430 ferens
590 2404 724 2429 aromata
748 2402 782 2429 B.
802 2416 840 2421 —
860 2399 913 2437 81),
934 2398 952 2429 3
977 2401 1057 2428 laeta
1082 2403 1111 2428 et
1135 2401 1224 2429 nimis
1244 2402 1279 2430 A.
1299 2416 1338 2421 —
1366 2400 1409 2437 10,
1439 2402 1453 2431 1

254 709 419 741 beatorum
443 713 620 751 martyrum

256 760 290 789 et
314 765 439 795 corona,

257 813 328 846 Rex
349 814 510 856 immense,

254 860 352 901 Deus,
379 863 561 893 sanctorum
585 862 695 902 gloria,

255 908 402 940 Probatis
426 917 485 948 per
511 910 683 941 certamina

255 957 379 994 Quanta
403 956 525 995 parasti
549 965 691 989 munera.

255 1012 330 1044 Tibi
355 1021 493 1044 consona
519 1013 642 1044 cantica

254 1059 381 1099 plaudit
407 1060 552 1091 coelestis
577 1062 706 1093 caterva

252 1107 314 1138 hae
340 1107 400 1146 die,
426 1107 460 1137 in
486 1116 548 1146 qua

252 1154 341 1185 venit
362 1153 518 1185 Mammes
545 1163 612 1185 cum
638 1154 747 1187 laurea

253 1202 296 1233 ad
320 1201 464 1241 paradisi
489 1201 614 1241 gaudia.

254 1258 359 1298 Salve,
386 1260 567 1289 sanctorum

253 1305 359 1343 decus,
385 1313 442 1336 rex
469 1305 603 1341 Christe,

250 1361 309 1392 per
332 1352 514 1384 Mammetis
540 1361 630 1383 sacra

249 1400 339 1431 salva
362 1408 419 1431 nos
444 1399 568 1432 merita.

249 1456 392 1489 Invictus
417 1456 547 1495 athleta,

246 1502 322 1536 fidei
349 1503 502 1543 columna,

248 1553 362 1582 cuncta
385 1550 537 1590 sprevisti
560 1553 719 1583 tormenta

247 1607 305 1638 pro
331 1598 465 1637 perenni
487 1597 562 1629 vita.

246 1645 315 1677 Deo
341 1649 376 1676 tu
396 1645 527 1677 victima

247 1691 383 1732 pacifica

250 1740 396 1771 obtulisti
420 1742 512 1779 grata
536 1739 688 1772 libamina

247 1787 359 1818 mnndi
384 1787 489 1819 cordis

247 1833 385 1866 fundens
404 1836 556 1866 aromata.

251 1891 327 1924 Cum
352 1899 411 1922 rex
437 1890 581 1922 Christus

246 1939 280 1970 in
307 1939 359 1970 die
383 1947 534 1978 suprema

247 1986 418 2026 apparebit
441 1984 525 2017 facie
548 1985 651 2028 beata,

247 2037 324 2065 tunc
347 2043 415 2074 nos,
440 2036 564 2073 martyr

249 2084 421 2115 clementer
448 2090 573 2113 excusa.

862 409 920 442 ab.

859 512 917 546 312.

860 663 919 696 4b.

860 815 916 847 5b.

859 1013 915 1046 6b.

853 1455 910 1489 8b.

854 1890 912 1924 9b.

945 411 1009 443 Per
1033 419 1125 450 quem
1149 410 1332 442 veneranda

942 456 1044 497 fulget
1067 458 1122 488 lux
1149 457 1313 489 hodierna.

942 514 1029 546 Deus
1054 514 1146 546 homo
1177 513 1292 554 faetus,

943 564 980 592 ut
1003 560 1193 593 transferret
1217 561 1359 593 homines

947 608 989 640 ad
1013 617 1159 648 superna.

944 663 1093 697 Perfecta
1123 665 1237 696 caritas

943 714 975 743 et
998 712 1142 744 laborum
1167 712 1291 752 requies

941 761 1014 799 post
1039 762 1206 791 tormenta.

940 817 1013 849 Jam
1037 816 1161 848 subdita

939 863 987 895 Te
1011 864 1257 895 contremiseunt
1280 865 1412 904 tartara,

941 910 1037 950 Regis
1062 912 1116 942 tua
1140 910 1285 949 potentia

945 957 1083 999 Goelum,
1109 966 1207 996 mare,
1233 958 1409 989 terrestria.

941 1014 965 1046 O
991 1013 1155 1053 patientia,
1184 1013 1254 1045 dira

940 1059 1083 1096 ferendo,
1109 1061 1238 1092 vincens
1263 1061 1371 1100 gravia

939 1110 971 1138 et
996 1107 1189 1150 discrimina,

936 1163 995 1193 per
1023 1154 1150 1185 diversa
1174 1154 1330 1194 supplicia

939 1201 1054 1232 crescit
1077 1204 1180 1233 mater
1204 1202 1349 1235 eeclesia.

939 1258 963 1290 O
988 1256 1047 1289 flos
1069 1261 1256 1298 martyrum,

936 1305 1101 1345 Mammes,
1126 1305 1185 1336 tibi
1208 1305 1287 1344 laus,

934 1352 1066 1391 puerilis
1092 1361 1224 1393 gemma,

934 1401 1103 1438 precantes
1129 1399 1256 1438 adjuva.

932 1455 1004 1487 Jam
1031 1464 1101 1488 oum
1126 1455 1251 1487 Christo
1277 1464 1375 1495 regna

933 1503 1101 1543 possidens
1124 1511 1272 1542 superna,

932 1551 1019 1582 laesa
1045 1553 1076 1581 et
1099 1550 1194 1581 nimis
1224 1550 1346 1581 inculta

932 1597 1053 1629 munda
1078 1597 1176 1629 corda
1199 1600 1319 1629 nostra.

932 1645 1003 1677 Tua
1026 1645 1202 1676 recolentes

935 1692 1089 1724 solemnia

935 1738 1075 1770 transfer
1084 1741 1188 1770 tecum
1194 1739 1235 1770 ad
1248 1747 1324 1770 vera
1331 1739 1457 1779 gaudia,

930 1787 1032 1818 melos
1057 1786 1187 1818 laudum

934 1837 971 1865 ut
995 1836 1157 1865 cantemus
1182 1843 1255 1867 una.

934 1890 981 1923 Ut
1006 1891 1138 1930 expulsa

933 1940 1136 1978 peccatorum
1159 1937 1277 1969 nebula

938 1986 1080 2018 decorati
1103 1986 1187 2017 stola
1208 1985 1395 2025 incorrupta

933 2036 1131 2064 transeamus

933 2081 975 2113 ad
1000 2081 1086 2112 vitae
1109 2089 1237 2120 pascua.

521 2139 576 2173 10.
603 2138 669 2171 Ubi
693 2139 839 2179 regnanti
864 2147 923 2178 per
947 2139 1075 2170 saecula

604 2186 775 2226 jubilemus
799 2195 907 2218 omnes
931 2186 1083 2226 Alleluja.

135 2441 184 2469 Ibi
203 2443 348 2478 regnanti.
