1653 2632
148 243 204 274 2a.
229 240 323 272 Felix
348 237 468 272 Christi
491 234 619 273 famula,

227 287 387 320 Maximus
411 293 503 324 quam
528 284 656 321 satrapa

227 336 319 367 Vana
342 342 401 373 per
427 330 556 363 consilia

229 381 397 421 Verbaque
420 378 550 410 subtilia

276 429 465 462 Pervertere
489 423 625 457 volebat.

151 490 207 522 3a.
233 486 326 519 Hanc
350 494 369 516 a
392 483 457 515 fide
480 480 629 521 precibus

280 530 433 572 Nequivit
454 535 605 560 revocare

232 581 277 613 Et
299 580 455 610 minarum
480 573 622 606 faecibus

280 626 349 658 Nec
373 624 511 656 animum
535 624 658 652 mutare

232 675 415 710 Dioscorus,
444 678 536 710 quam
560 666 690 699 necibus

281 720 383 755 Jussit
401 717 557 758 Judicare.

154 783 210 814 4a.
239 776 404 811 Clauditur
430 773 587 814 ergastulo

280 824 431 858 Privatur
454 818 657 858 indumentis,

233 873 383 905 Fricatur
407 868 521 908 cilicio,

284 920 419 953 Ustatur
442 914 653 952 ferramentis,

241 967 343 1007 Caput
367 964 455 997 cudit
478 963 593 995 malleo

285 1014 401 1047 Manus
426 1009 642 1051 percutientis,

239 1062 312 1094 Tali
336 1063 461 1093 certans
486 1057 607 1098 proelio

285 1109 439 1141 Laetatur
463 1106 497 1137 in
521 1103 697 1136 tormentiS.

160 1171 216 1202 5a.
241 1166 432 1203 Memorare,
456 1164 579 1202 martyr
606 1159 733 1198 Christi,

242 1213 343 1254 Quod,
371 1212 445 1244 dum
468 1213 601 1241 mortem
628 1207 745 1246 adiisti,

241 1261 413 1293 Tormenta
434 1267 496 1290 non
522 1256 667 1296 timuisti,

245 1307 360 1349 Sponsi
383 1314 493 1338 vocem
516 1302 705 1344 percepisti:

292 1355 373 1386 Veni
398 1351 609 1386 coronaberis,

165 1417 221 1449 6a.
248 1413 355 1455 Virgo,
380 1411 466 1442 salus
488 1409 685 1446 miserorum,

247 1460 319 1493 Jam
343 1467 427 1491 nunc
451 1465 579 1489 consors
596 1455 788 1495 angelorum,

247 1510 350 1541 Tuum
374 1515 431 1538 nos
456 1504 508 1536 fac
533 1506 608 1535 ante
631 1503 757 1534 thorum

248 1555 375 1588 Laudes
400 1560 546 1594 promere
567 1551 725 1591 ⁸iustorum

296 1603 339 1643 Sp
344 1602 371 1634 ei
400 1609 470 1633 cuin
492 1598 619 1632 fiducia.

764 133 833 169 114
881 153 924 157 -

831 228 889 262 ab.
912 227 1002 260 Haec
1023 226 1131 266 puella
1155 224 1304 263 sentiens,

911 274 1097 306 Castitatem
1121 272 1241 310 sitiens,

913 320 1008 353 Carni
1032 328 1095 351 non
1119 317 1317 350 consentiens

912 367 1069 400 Mundum
1094 366 1152 397 sed
1176 364 1329 404 abjiciens

960 414 1002 446 Se
1027 413 1154 447 Christo
1183 409 1408 443 committebat.

832 473 890 507 3b.
912 472 1011 511 'Virgo
1036 473 1112 502 tunc
1136 468 1301 501 ardentius

961 518 1024 550 Est
1046 517 1141 550 fidem
1168 516 1359 556 amplexata,

915 566 1041 599 Christo
1068 564 1245 597 evidentius

963 613 1121 645 Adhaesit
1143 609 1347 649 inflammata,

916 661 1108 693 Auscultans
1134 659 1285 692 attentius

963 709 1058 749 Legis
1083 707 1145 740 Dei
1167 706 1326 738 mandata.

836 767 897 801 41).
916 765 998 798 Dira
1022 764 1132 796 suffert
1156 763 1298 802 verbera,

966 813 1129 844 Postremo
1151 809 1341 851 flagellatur,

919 860 1043 892 Munda
1065 859 1174 899 perdit
1196 858 1297 889 ubera

968 907 1013 939 Et
1038 909 1132 946 caput
1157 907 1347 944 amputatur,

921 954 1102 987 Peractoris
1125 951 1209 984 furia

970 1002 1084 1034 Statim
1109 1000 1377 1039 recompensatur,

922 1051 986 1083 Per
1011 1048 1130 1081 fulmen
1156 1047 1198 1079 ad
1222 1048 1344 1078 tartara

971 1097 1143 1130 Gehennae
1164 1095 1411 1133 transportatur.

844 1156 902 1190 5b.
924 1155 1021 1195 Virgo
1046 1152 1192 1186 Barbara
1215 1158 1339 1191 serena,

923 1203 983 1236 Pia
1008 1200 1137 1238 fautrix,
1163 1198 1229 1231 fide
1251 1198 1359 1238 plena,

926 1251 973 1283 Te
997 1249 1149 1289 implorat
1172 1246 1264 1287 plebs
1288 1253 1395 1285 egena,

927 1297 1018 1337 Quod
1042 1305 1112 1328 cum
1136 1302 1216 1335 agno
1242 1294 1285 1325 sit
1307 1293 1342 1323 in
1365 1299 1472 1330 coena,

977 1344 1094 1377 Sedule
1118 1350 1210 1383 quem
1235 1340 1388 1381 sequeris.

849 1403 907 1437 6b.
927 1403 1000 1442 Eja,
1025 1403 1128 1433 mater
1154 1399 1371 1437 contritorum,

932 1450 1037 1483 Corda
1060 1451 1156 1489 tange
1177 1446 1325 1484 filiorum,

930 1498 999 1530 Fac
1020 1499 1057 1528 ut
1072 1504 1184 1536 preces
1201 1497 1331 1526 nostrae
1348 1492 1476 1523 chorum

932 1545 1058 1578 Pronae
1080 1544 1202 1575 intrent
1227 1541 1412 1582 angelorum

981 1592 1105 1625 Veniae
1129 1599 1199 1622 cum
1224 1588 1337 1631 gratia.

243 1679 326 1707 Misae.
351 1686 404 1705 ms.
432 1675 461 1704 S.
481 1674 615 1703 Floriani
633 1673 680 1701 m
700 1670 754 1699 221
781 1678 856 1698 saec.
878 1668 923 1697 14.
944 1669 978 1696 A.
999 1683 1037 1687 —
1055 1667 1138 1694 Miss.
1158 1674 1212 1693 ms.
1234 1664 1263 1692 S.
1284 1663 1417 1692 Floriani
1437 1661 1478 1690 XI

169 1716 224 1746 389
246 1725 321 1745 saec.
343 1715 388 1743 14.
409 1715 443 1742 B.
462 1729 501 1734 —
519 1713 602 1741 Miss.
623 1720 676 1739 ms.
699 1711 728 1739 S.
749 1709 882 1737 Floriani
900 1707 945 1735 XI
965 1704 1021 1734 391
1045 1706 1077 1733 C.

596 1832 657 1864 147.
697 1831 739 1863 De
759 1832 869 1862 sancta
887 1828 1041 1861 Barbara.

173 1919 227 1953 la.
256 1917 378 1957 Gaude,
404 1916 493 1955 virgo
518 1913 644 1954 nobiliS,

256 1966 342 2005 Quae
368 1973 437 1995 cum
463 1971 548 1994 esses
569 1961 687 1993 nubilis

302 2011 465 2051 Respuisti
491 2010 664 2049 conjugem,

351 2058 506 2091 Barbara.

176 2119 232 2150 2a.
253 2117 350 2149 Pedis
373 2116 497 2155 signum
520 2112 645 2154 proprii

258 2163 432 2203 Imprimis,
458 2170 519 2202 quo
544 2159 644 2192 saucii

308 2211 442 2243 Sumunt
465 2208 643 2248 sanitatem,

353 2257 507 2290 Barbara.

180 2318 234 2350 3a.
259 2315 305 2347 Et
327 2316 486 2346 tormenta
510 2312 600 2344 varia

262 2362 381 2401 Vincis,
405 2361 467 2393 Dei
492 2358 621 2398 famula,

311 2408 465 2441 Barbara.

856 1911 915 1944 1b.
937 1910 1016 1942 Tres
1042 1907 1199 1940 fenestras
1224 1903 1347 1944 statuis,

941 1957 1050 1989 Crucis
1073 1958 1185 1995 typum
1212 1951 1320 1993 digitis

988 2003 1114 2043 Sculpis
1138 2000 1363 2041 venerabilem,

1035 2049 1191 2082 Barbara.

859 2108 917 2140 ab.
942 2108 1024 2140 Oves
1050 2109 1083 2138 et
1104 2104 1271 2146 prodentis
1296 2107 1328 2135 te

942 2154 1042 2186 Fiunt
1065 2162 1140 2186 mox
1161 2152 1349 2191 locustulae,

990 2200 1194 2234 Praefectum
1219 2202 1251 2231 et
1272 2200 1408 2239 patrem,

1038 2248 1194 2287 Barbara,

864 2306 922 2341 31).
944 2306 1024 2338 Post
1046 2305 1157 2337 mortis
1182 2302 1349 2335 victoriam

946 2354 1052 2385 Intras
1080 2352 1161 2384 coeli
1184 2350 1328 2391 gloriam,

996 2400 1150 2432 Barbara.
