1653 2632
659 104 895 138 —70—

124 206 182 238 5a.
207 203 246 235 In
271 210 379 234 aurem
402 201 470 233 nati
495 201 636 240 loquere,

127 565 201 597 sign.

127 636 179 664 5b

207 250 231 283 O
259 250 354 282 decus
376 248 562 289 pudicitiae,

204 297 365 330 Dilectum
387 297 481 336 placa
504 294 663 337 precibus,

206 344 271 376 Fer
295 352 388 384 opem
412 342 620 383 supplicibus.

810 198 867 232 5b.
895 198 972 238 Fac,
999 199 1035 228 ut
1058 199 1133 236 post
1156 197 1249 236 huJ'us
1274 196 1430 228 transitas

889 244 1006 277 Mundi
1031 244 1262 276 sollicitudines

893 291 1039 324 Saltandi
1065 291 1120 323 det
1142 290 1292 322 fiduciam

892 339 931 371 In
957 338 1136 372 Jerusalem
1161 346 1309 378 superna,

582 400 612 432 6.
641 398 665 430 O
694 396 796 429 dulcis
822 399 855 427 et
878 396 943 436 pia,

640 445 665 477 Ο
690 444 806 476 Maria.

204 522 261 558 Seq
263 525 341 549 uent.
368 530 421 549 ms.
446 521 564 548 Amesti
590 520 626 547 de
652 519 801 547 Par-dubie
831 518 901 545 anni
927 514 1001 545 1360
1028 515 1097 544 God.
1127 515 1221 552 Capit.
1247 516 1387 551 Pragens.
1415 524 1443 542 s

221 576 259 580 —
278 557 329 593 31³,
352 557 370 585 2
396 559 439 586 Ut
464 560 626 585 miseretur.
647 572 684 576 -
704 555 755 590 4a,
779 555 793 583 1
820 555 964 583 Parvulas
984 557 1019 582 ut
1036 554 1149 589 vulpes.
1171 568 1207 573 -—
1228 554 1286 581 Die
1306 555 1441 590 Sequenz

125 599 179 627 hat
207 580 399 625 musika1iseh
428 596 578 632 doppeltes
608 595 725 629 Finale,
757 593 887 621 n'amlich
917 594 1068 620 einerseits
1099 591 1154 626 5a,
1181 590 1214 625 4,
1246 592 1445 619 andererseits

199 633 318 670 4-1-6.

572 742 619 773 85.
658 741 702 773 De
725 741 820 773 beata
839 740 941 772 Maria
960 740 996 771 V.

130 835 186 867 ia.
210 831 422 871 Mundamini‚
448 831 645 863 mundamini

212 879 396 911 Laudantes
420 881 555 910 matrem
580 878 719 920 Domini,

212 926 259 959 Ut
280 927 416 958 mundas
439 927 577 957 mundae
601 926 718 965 virgini
898 924 990 964 Quod
1013 925 1221 964 praeparavit
1243 925 1365 956 homini

259 973 386 1006 Laudes
410 973 542 1006 solvatis
567 973 660 1005 hodic>
951 972 1075 1003 Tantae
1096 974 1274 1003 matronam
1298 972 1433 1012 gratiae.

132 1033 188 1063 2a.
214 1031 305 1064 Haec
330 1033 379 1061 est
400 1030 459 1062 illa
481 1029 650 1071 mirabilis,
818 1028 876 1062 2b.
898 1028 989 1060 Haec
1014 1031 1063 1059 est
1086 1028 1184 1060 arbor
1207 1028 1365 1068 perutilis,

214 1078 278 1110 Illa
301 1077 570 1117 incomparabilis,
901 1075 1036 1107 Sublimi
1060 1075 1167 1107 fructu
1192 1074 1320 1115 fertilis,

215 1125 302 1163 Quae
323 1128 435 1164 partus
459 1124 629 1156 ineffabilis
901 1122 1009 1163 Virgo,
1033 1125 1137 1155 mater
1162 1126 1195 1154 et
1217 1123 1357 1163 humilis,

262 1172 445 1204 Novitatem
470 1171 623 1203 exhibuit.
948 1171 1035 1210 Quae
1060 1171 1141 1202 coeli
1164 1179 1271 1211 regem
1295 1170 1414 1211 genuit.

84 1254 87 1260 .
135 1231 190 1263 3a.
218 1229 242 1261 O
271 1237 346 1260 vere
368 1237 452 1260 nova
474 1228 609 1268 novitaS‚
820 1227 879 1260 ab.
903 1227 928 1260 Ο
955 1236 1076 1258 summe
1101 1236 1177 1259 cara
1202 1227 1328 1268 caritas,

214 1275 387 1310 Humilitas
413 1278 446 1307 et
470 1275 617 1315 dignitas,
900 1274 1052 1314 Begnitas
1078 1277 1112 1306 et,
1133 1275 1263 1313 veritas,

216 1323 412 1355 Fecunditas
438 1326 470 1354 et
496 1323 625 1355 castitas
902 1322 1091 1354 Humanitas
1120 1325 1153 1353 et
1178 1322 1280 1354 deitas

266 1370 366 1402 Simul
390 1369 505 1402 florent
527 1370 562 1401 in
584 1370 721 1410 virgine.
948 1369 1084 1401 Manent
1106 1370 1141 1401 in
1164 1369 1234 1401 Deo
1258 1369 1395 1401 homine.

135 1431 193 1461 4a.
219 1427 282 1459 Per
306 1427 498 1467 singularem
520 1426 632 1466 filium,
821 1427 880 1460 4b.
902 1426 952 1458 Tu
978 1435 1011 1457 es
1036 1427 1177 1458 solamen
1202 1426 1355 1465 cordium,

220 1475 245 1507 O
272 1474 433 1515 singulare
456 1475 569 1515 lilium,
903 1473 1042 1506 Nostrae
1066 1474 1154 1513 pacis
1183 1474 1358 1511 exordium,

219 1522 326 1561 Ejecti
349 1522 383 1554 in
408 1523 554 1554 exsilium
904 1521 1027 1553 Mundo
1048 1524 1216 1561 praestans
1240 1521 1434 1563 subsidium,

266 1569 404 1602 Reducti
426 1573 500 1601 sunt
523 1570 566 1602 ad
590 1569 739 1609 patriam.
953 1568 1096 1600 Salutem
1121 1571 1153 1600 et,
1175 1568 1339 1602 laetitiam.

138 1631 193 1661 5a.
220 1629 301 1668 Ave,
327 1627 405 1659 felix
428 1635 597 1669 puerpera,
824 1625 882 1659 5b.
905 1625 1045 1657 Excelsa
1068 1634 1167 1665 supra
1192 1625 1308 1664 sidera,

220 1675 320 1708 Beata
343 1677 398 1707 tua
422 1675 556 1715 viscera,
907 1672 1040 1705 Morbos
1064 1675 1191 1705 nostros
1217 1674 1385 1705 considera

219 1723 321 1755 Beata
345 1725 419 1754 sunt
441 1725 474 1754 et
496 1722 606 1762 ubera,
906 1720 950 1753 Et
975 1729 1089 1753 sanare
1112 1729 1171 1752 nos
1192 1729 1340 1763 propera,

268 1771 355 1810 Quae
371 1770 570 1802 lactaverunt
582 1769 762 1801 Dominum.
955 1768 1143 1801 Praedulcis
1170 1769 1260 1808 virgo
1285 1769 1458 1809 virginum.

816 830 875 863 lb.
896 830 1008 862 Honor
1033 830 1075 862 sit,
1098 839 1219 862 summo
1242 830 1363 862 numini

898 877 1041 917 EJ'usque
1066 877 1125 909 soli
1149 878 1279 917 nomini,

213 1847 296 1874 Mizs.
316 1854 369 1873 ms.
391 1844 421 1872 S.
440 1845 581 1880 Dionysii
601 1852 676 1872 saec.
701 1842 745 1871 14.
771 1843 841 1871 Ccd.
862 1843 1024 1870 Parisiens.
1045 1841 1118 1871 1107
1140 1844 1196 1870 mit
1213 1843 1283 1870 Mel.

589 1974 635 2006 86.
670 1975 715 2006 De
734 1974 829 2005 beata
849 1973 950 2005 Maria
970 1973 1007 2005 V.

144 2068 199 2099 la.
227 2065 332 2106 Salve,
358 2065 461 2107 stella,
488 2065 598 2097 mundi
623 2065 740 2105 lumen,

226 2112 331 2152 Salve,
358 2113 439 2144 cella
464 2113 570 2144 celans
595 2121 720 2150 numen,

275 2159 379 2202 Salvc,
408 2161 504 2192 decus
528 2159 667 2199 gloriam

144 2219 202 2251 2a.
228 2216 253 2249 O
281 2216 425 2248 coelestis
454 2215 544 2256 figuli

274 2264 339 2295 Vas
364 2263 587 2302 desiderabile,

144 2322 201 2354 3³.
229 2320 253 2353 O
277 2319 393 2359 Maria,
419 2319 523 2359 gratia

275 2367 378 2400 Plena
401 2366 503 2398 sancti
526 2366 668 2406 spiritus,

830 2063 889 2097 lb.
912 2062 1072 2102 Splendor
1095 2073 1203 2097 rerum
1229 2068 1261 2097 et
1285 2074 1446 2109 cacumen,

914 2110 977 2141 Vas
999 2111 1169 2154 sincerum,
1195 2116 1326 2152 ponset
1341 2111 1462 2145 flumen

960 2160 1150 2191 Aromatum
1175 2160 1307 2201 gratiae.

830 2214 888 2248 2b.
911 2215 976 2247 Vas
1001 2216 1145 2247 medelae
1170 2217 1299 2258 saeculi,

960 2264 1025 2295 Vas
1049 2263 1175 2305 decem,
1200 2273 1257 2295 vas
1281 2264 1371 2305 utile,

830 2318 889 2352 3b.
911 2319 986 2351 Dux
1007 2320 1041 2352 in
1064 2319 1119 2352 via
1144 2320 1287 2360 praevia,

961 2367 1034 2399 Lux
1057 2365 1262 2407 praefulgens
1289 2369 1435 2401 coelitus.
