1653 2632
679 123 910 158 -50-

218 222 302 249 Miss.
328 229 381 248 ms.
411 220 505 255 Capit.
534 219 717 247 Olomucens.
744 215 809 244 141.
837 225 912 244 saec.
941 215 984 244 14.
1014 217 1067 243 mit
1085 216 1156 243 Mel.
1175 216 1211 243 A.
1232 230 1268 235 —
1289 216 1375 243 Miss.
1397 223 1454 242 ms.

139 260 336 288 Olomucense
355 267 431 286 saec.
454 258 498 285 15.
520 257 589 284 <¹0d.
611 256 681 284 bibl.
703 255 784 291 publ.
804 255 820 282 Ι
838 255 855 282 Ι
875 253 901 282 6.
922 254 956 281 B.
996 270 1014 273 —
1036 252 1091 288 lb,
1117 253 1129 281 1
1153 254 1246 281 hostis
1267 254 1340 281 fehlt
1358 253 1392 281 A.
1417 267 1454 272 —

141 296 192 332 lb,
216 297 233 325 7
254 297 413 332 singularis
432 295 507 323 fehlt
524 295 558 323 B.

564 409 612 440 73.
651 408 687 439 In
706 405 926 447 Assumpfione
945 405 1032 437 BMV.

141 491 199 525 la.
225 490 297 523 Lux
320 490 428 521 illuxit
827 485 885 518 lb.
907 485 952 517 Et
976 486 1126 516 aeternae

270 536 386 568 festive
411 535 556 574 celebris,
955 532 1035 564 lucis
1061 532 1103 564 ad
1129 532 1244 564 solium

223 585 291 623 Qua
314 583 450 614 terrenis
908 581 1007 613 Juxta
1031 588 1138 619 regem

269 630 376 663 Maria
400 629 541 660 tenebris
954 627 1064 667 regina
1088 626 1189 658 filium

317 677 411 709 Felix
437 676 571 715 eripitur
1002 674 1108 706 Mater
1133 674 1314 708 assumitur.

139 737 196 768 23..
223 735 275 767 Ad
299 734 450 765 honorem
824 731 882 764 2b.
904 731 951 763 Et
974 734 1102 771 agentes

268 781 379 813 matris
405 783 437 811 et
461 779 594 820 gloriam
956 778 1039 809 diem
1063 779 1205 810 laetitiae

222 828 420 861 Ascendenti
907 826 1021 858 Omnes
1048 826 1133 857 cives

269 875 418 916 procedit
441 874 564 906 obviam
954 872 1068 904 beatae
1091 873 1216 912 patriae

317 922 461 955 Christus
487 922 647 962 alacriter,
1002 920 1180 952 Occurrunt
1203 920 1335 959 pariter.

140 982 199 1014 3a.
225 978 419 1011 Affluentem
824 975 884 1010 3b.
907 976 1006 1008 Juvat
1029 985 1137 1008 arcam

269 1026 364 1058 castis
391 1025 513 1057 deliciis
955 1024 1018 1057 Dei
1042 1032 1113 1055 cum
1139 1023 1271 1055 canticis

220 1074 263 1106 Et
289 1076 474 1105 vernantem
907 1071 1071 1103 ordinatis

269 1121 350 1153 rosis
374 1129 412 1152 ac
436 1120 513 1151 liliis
955 1118 1060 1150 choris
1088 1118 1280 1159 hymnidicis

316 1169 414 1201 Juvat
438 1167 621 1206 adspiccre3
1004 1166 1135 1198 Sursum
1163 1166 1331 1200 deducere.

136 1227 194 1259 4a.
220 1225 432 1257 Admirantur
823 1222 882 1255 412.
906 1222 976 1254 Nec
1003 1225 1050 1254 est
1075 1222 1161 1254 tristi

270 1272 421 1304 humilem
445 1271 610 1312 virginem,
953 1270 1041 1301 locus
1070 1270 1222 1312 invidiae,

222 1319 317 1359 Cujus
343 1327 466 1351 omnem
906 1316 990 1348 Nam
1015 1317 1116 1357 ipsius

270 1366 471 1398 transcendit
495 1365 640 1397 ordinem
954 1365 1132 1405 congaudet
1161 1365 1283 1404 gloriae

314 1414 484 1446 Praecelsa
514 1413 667 1453 dignitas3
1003 1413 1193 1446 Cunctorum
1224 1413 1351 1445 caritas.

138 1473 194 1504 5a.
219 1471 470 1511 Recognoscunt‚
824 1467 882 1501 5b.
906 1468 1047 1501 Mundus
1072 1469 1174 1501 omnis

267 1519 350 1550 hanc
375 1526 444 1549 esse
468 1516 628 1559 femmam,
955 1517 1038 1548 hanc
1063 1525 1132 1548 esse
1158 1516 1318 1549 dominam

220 1566 307 1605 Quae
331 1566 454 1597 ruinam
906 1564 952 1595 Et
976 1564 1117 1604 reginam

267 1613 395 1653 replens
420 1612 596 1652 angelicam
957 1612 1078 1643 cunctis
1106 1611 1283 1644 beneficam

316 1660 427 1693 Coelos
451 1658 620 1701 laetificat3
1002 1658 1109 1692 Sentit
1131 1668 1170 1691 ac
1192 1659 1369 1700 praedicat.

138 1719 195 1751 6a.
221 1718 285 1758 Eja
309 1717 378 1749 Deo
825 1715 883 1749 6b.
904 1716 999 1749 Claro
1024 1716 1072 1747 tui

266 1774 345 1805 prae
370 1765 491 1796 cunctis
516 1764 670 1804 proxima,
955 1767 1128 1803 conspectu
1159 1763 1219 1796 filii

220 1814 308 1853 Quae
332 1821 402 1844 cum
427 1822 463 1844 eo
905 1811 1025 1843 Tecum
1049 1810 1113 1844 frui

269 1869 383 1901 regnas
407 1860 440 1892 in
465 1860 571 1891 anima
955 1858 1007 1890 fao
1036 1868 1094 1891 nos
1120 1860 1224 1891 exsilii

340 1907 440 1939 Simul
465 1911 497 1939 et
521 1915 663 1946 corpore,
1001 1906 1178 1939 Transacto
1197 1911 1352 1947 tempore.

212 1981 322 2016 Hymn.
349 1985 379 2010 et
398 1982 457 2018 Seq
457 1985 536 2009 uent.
562 1990 615 2008 ms.
637 1981 666 2010 S.
687 1981 868 2009 Emmerami
895 1989 970 2008 saec.
999 1980 1044 2009 15.
1065 1981 1328 2011 01ω.Μοιιεοεηε.
1351 1980 1454 2011 14667

136 2020 172 2047 A.
193 2035 230 2039 —
251 2019 323 2047 clm.
339 1991 508 2048 Monacffins.
528 2019 577 2055 (ol.
602 2018 886 2054 Sanemmeranens.)
910 2017 1009 2047 14343
1030 2021 1101 2047 anni
1122 2018 1195 2048 1351
1216 2022 1250 2049 B.

554 2139 601 2170 74.
640 2138 677 2170 In
696 2138 918 2179 Assumptione
938 2138 1027 2169 BMV.

589 2206 656 2241 (Die
674 2205 728 2234 ΠΙ.
746 2204 825 2234 infra
838 2204 997 2242 Octavam.)

138 2285 198 2319 la.
226 2285 330 2324 Salve,
356 2287 467 2317 sancta
490 2284 553 2316 Dei
576 2292 703 2323 parenS,
824 2283 884 2317 lb.
908 2284 1028 2317 Forma
1054 2286 1148 2325 vitae,
1175 2285 1247 2318 fons
1273 2288 1414 2328 virtutis,

221 2333 321 2372 Virga
345 2331 445 2371 Jesse,
470 2330 529 2363 flos
551 2340 614 2362 non
639 2339 744 2364 arens,
905 2332 1005 2364 Porta
1028 2333 1121 2372 lucis,
1144 2342 1218 2373 spes
1243 2335 1366 2374 salutis,

269 2379 346 2411 Veri
371 2379 447 2410 solis
470 2378 575 2418 regia3
953 2380 1057 2412 Vallis
1082 2383 1211 2413 nostrae
1235 2382 1349 2422 gloria.
