1653 2632
722 132 981 166 —288—

197 220 251 253 63.
278 220 326 251 Tu
347 221 549 260 splendorem
877 227 935 261 6b.
956 229 1005 261 Tu
1029 238 1193 262 corruscas

322 271 465 306 praestas
498 271 638 302 ecelesiis
1006 276 1157 308 virtutum
1181 278 1292 318 radiis,

274 313 439 347 Miraeulis
955 321 1004 353 Tu
1028 326 1176 364 protegas

322 363 354 392 et
377 362 475 402 signis
500 365 606 397 variis.
1003 378 1062 401 nos
1087 370 1126 402 ab
1152 372 1288 405 insidiis.

262 435 344 462 Miss.
366 435 565 473 Strigoniense
586 440 654 475 imp.
677 438 758 468 1512.
779 441 813 468 A.
834 457 873 462 -—-
891 443 974 471 Miss.
1002 445 1193 474 Paulinorum
1213 449 1282 484 imp.
1305 447 1387 477 1537.
1408 451 1444 478 Β.

619 548 686 580 3951
726 551 769 582 De
788 560 848 583 uno
871 551 1057 587 Confessore.

187 614 242 646 13.
266 614 413 655 Vigilate,
443 616 562 648 dietum
585 619 650 658 uni,
868 623 925 656 lb.
948 624 1088 657 Lumbos
1113 635 1185 659 suos
1210 630 1450 671 praecingentes

269 660 360 693 Servi
384 667 513 694 servant
535 665 569 696 in
595 669 750 699 communi
947 671 993 703 Et
1017 674 1166 706 ardentes
1193 675 1372 710 deferentes

313 708 485 749 Tamquam
515 712 633 744 dietum
652 715 805 758 omnibus,
993 720 1155 753 Lucernas
1178 722 1211 754 111
1236 725 1391 758 manibus.

184 765 240 799 23,
266 765 398 798 Praesto
424 776 573 806 sponsum
597 772 797 815 praestolari,
864 775 922 808 21).
944 776 1038 808 Licet
1060 778 1158 810 horae
1182 780 1247 812 sint
1270 782 1393 823 incerti,

265 811 358 843 Licet
376 813 473 845 horae
497 816 562 847 sint
584 817 697 858 ignari,
945 823 1031 856 Certi
1054 827 1171 866 tamen,
1198 829 1282 867 quod
1304 831 1423 862 reverti

314 860 444 899 Quando
469 871 603 902 sponsus
627 866 747 906 redeat,
991 871 1084 904 More
1107 871 1187 904 furis
1214 874 1338 910 debeat.

181 915 235 947 33
264 915 346 954 Quos
371 919 529 951 tormenta
545 929 608 952 non
625 927 802 964 angustant,
862 927 921 960 3b.
943 928 1123 968 Operantur
1146 930 1179 962 111
1204 931 1342 975 talentis,

260 963 458 997 Paulativam
481 970 613 999 moitem
637 974 774 1015 gustant,
942 976 1098 1008 Intraturi
1126 978 1281 1010 venientis

307 1010 353 1043 Ut
378 1020 526 1052 compens
529 1017 581 1046 ent
603 1017 761 1059 gladium;
987 1024 1025 1056 In
1050 1027 1213 1056 aeternum
1237 1027 1395 1066 gaudium.

178 1067 233 1099 4a.
261 1067 348 1106 Quod
366 1077 468 1101 meam
483 1080 578 1103 unam
589 1076 663 1105 sunt
673 1075 798 1116 lucrati,
859 1079 917 1112 4b.
941 1080 1031 1119 Quod
1051 1090 1222 1120 paucorum
1237 1092 1345 1115 curam
1357 1087 1481 1125 gerunt,

259 1114 416 1148 Praesunt
439 1118 501 1149 viri
527 1119 657 1161 civitati,
940 1126 1045 1167 Supra
1065 1129 1166 1161 multa
1189 1131 1318 1162 tandem
1343 1135 1435 1163 erunt

305 1162 425 1202 Quique
448 1165 556 1204 plures
580 1168 733 1207 pluribus.
986 1175 1031 1207 Ut
1057 1176 1143 1216 digni
1164 1178 1346 1217 maioribus.

177 1218 230 1249 5a.
256 1218 295 1249 In
320 1220 407 1256 cujus
434 1223 589 1255 consortio
857 1230 916 1264 5b.
942 1230 1036 1268 Cujus
1061 1233 1237 1272 patrocinio

255 1265 361 1297 Patris
385 1267 478 1307 hujus
502 1271 607 1308 portio
940 1278 1087 1312 Gaudeat
1105 1280 1185 1312 haee
1201 1283 1309 1314 concio

303 1312 416 1353 Dignis
441 1314 543 1355 fulget
566 1318 677 1363 titulis,
984 1325 1188 1360 Saeculorum
1212 1330 1356 1364 saeculis,

250 1386 366 1414 Prosar.
388 1397 441 1416 ms.
462 1390 600 1419 Gulielmi
619 1393 713 1422 Lovel
733 1398 803 1423 311111
824 1396 906 1425 1572.
929 1399 997 1427 Cod.
1017 1401 1205 1432 Ambianens.
1226 1403 1289 1433 132.

601 1502 666 1534 396.
707 1505 751 1536 De
772 1507 911 1546 quolibet
931 1509 1049 1542 Sancto.

627 1578 657 1611 1.
684 1579 753 1612 Rex
779 1582 903 1626 coelice,

682 1626 768 1660 Deus
792 1629 955 1672 altissime,

170 1673 227 1707 23.
256 1673 406 1708 Conditor
430 1679 566 1711 omnium
848 1687 906 1721 2b.
931 1688 1054 1722 Corona
1077 1687 1187 1736 (sors),
1211 1696 1389 1734 praemium

251 1723 457 1765 saeculorum,
927 1735 1079 1779 fidelium,

168 1777 225 1809 33.
251 1777 335 1819 Vita,
360 1789 424 1819 pax
450 1785 481 1813 et
504 1785 652 1824 gaudium
846 1790 903 1824 31).
927 1792 1019 1825 Salus
1044 1804 1167 1836 quoque
1192 1799 1330 1831 omnium

251 1825 433 1869 viventium,
929 1841 1135 1876 credentium.

165 1882 220 1914 4a.
248 1880 394 1916 Salvator
416 1888 447 1917 et
470 1888 652 1929 redemptor
843 1895 901 1929 4b.
922 1897 1082 1931 Immensa
1105 1909 1178 1941 spes
1203 1905 1235 1934 et
1258 1913 1389 1945 summa,

247 1930 384 1963 omnium
923 1953 943 1976 a
967 1954 1027 1985 quo
1052 1946 1136 1979 bona

243 1975 277 2007 in
299 1979 331 2008 te
355 1982 558 2022 sperantium,
922 1993 1102 2031 procedunt,
1124 1997 1238 2031 omnia.

163 2032 220 2065 53.
245 2032 292 2063 Te
315 2036 474 2074 supplices
841 2046 897 2079 5b.
919 2048 966 2080 Ut
991 2050 1097 2082 deleas

241 2088 325 2111 nune
349 2089 512 2116 exoramus
919 2099 1030 2129 nostra
1055 2099 1172 2134 delicta

243 2128 273 2156 et
297 2129 441 2169 petimus,
920 2144 1089 2185 propitius,

161 2179 216 2213 63.
243 2181 267 2213 Ο
296 2187 404 2216 sancte
426 2187 571 2230 Domine,
840 2197 898 2232 6b.
922 2200 1011 2232 Aure
1035 2202 1180 2245 benigna,

241 2228 382 2272 Suscipe,
408 2233 476 2266 laus
918 2246 1028 2289 Preee,
1052 2254 1127 2283 voto

240 2277 430 2322 angelorum,
455 2283 585 2316 laudum
919 2296 1057 2335 supplici
1080 2301 1191 2331 nost-ra
1216 2310 1297 2341 quae

241 2324 378 2377 carmina
401 2327 486 2361 laeta
916 2342 1018 2374 mittit
1043 2348 1171 2378 caterva

238 2378 276 2401 3ο
298 2380 353 2410 p1a
920 2388 1043 2423 devota.
