1653 2632
164 238 221 271 3a,
247 237 337 271 Sicut
362 241 506 275 Christus
532 245 641 287 voluit,

247 286 389 320 Verbum
414 290 499 322 vitae
526 291 633 324 docuit

293 335 370 367 Pari
395 335 509 380 forma,

165 389 223 421 4a.
250 390 346 423 Hunc
369 393 403 425 in
429 395 525 426 coelis
551 397 655 437 angeli

248 437 408 481 Laudant,
435 442 575 481 gaudent
599 445 709 483 populi

292 486 387 519 Valle
408 491 533 531 nostra3

164 541 220 574 53.
246 541 332 573 Hinc
357 545 481 585 Aegeas
506 548 626 577 temere

245 588 359 629 Coepit
382 591 466 623 hunc
491 593 652 633 corripere

244 635 482 678 Temptansque
505 643 692 679 pervertere

290 684 402 716 Mente
428 694 541 726 caeca;

159 738 215 770 6a.
242 739 385 781 Andrea,
410 750 560 783 propera,

242 785 344 819 Prece
366 796 424 819 nos
449 789 561 831 libera,

290 833 341 866 Ne
367 835 553 869 damnemur
577 841 611 870 ut

335 890 412 922 gens
436 884 563 919 misera.

798 151 843 187 99

850 249 909 282 31).
929 250 999 282 Nec
1021 252 1115 283 minis
1139 261 1199 284 nec
1222 255 1327 293 pretio

930 297 1010 337 Ejus
1035 299 1233 338 praedicatio

977 346 1033 378 Fit
1058 350 1215 386 corrupta.

847 400 906 433 4b.
931 401 1011 434 Sunt
1035 404 1180 435 conversi
1203 405 1332 444 plurimi

925 448 998 480 Hoc
1022 450 1102 482 duce
1126 451 1283 483 increduli

977 497 1059 529 Fide
1083 501 1219 537 sumpta.

847 550 907 584 512.
930 552 1020 591 Quod
1042 554 1190 586 Andreas
1215 555 1318 587 renuit

929 599 1123 640 Crucemque
1147 602 1303 642 sustinuit,

930 646 1058 687 Martyr
1082 656 1151 679 esse
1175 650 1290 681 meruit

976 693 1040 725 Per
1063 696 1240 734 praedic-ta.

845 747 906 781 6b.
928 749 1080 790 Rogaque
1104 760 1268 792 prospera.

925 796 989 828 Det
1011 798 1102 829 nobis
1128 808 1257 831 munera

972 844 1045 882 Hic,
1072 854 1164 885 quem
1189 848 1295 886 genuit

1019 900 1187 932 puerpera.

233 954 353 991 Antiph.
376 966 430 984 ms.
450 957 610 988 Sanctense
633 970 654 988 s.
675 963 750 997 sign.
767 971 842 991 saec.
860 962 905 992 13.
929 965 993 992 add.
1016 973 1091 993 saec.
1113 964 1186 995 wie.
1212 982 1249 986 —
1274 969 1343 995 Mol.
1365 972 1464 997 natiir-

155 990 215 1018 liuh
234 993 453 1023 Laetabundus.

474 1012 481 1016 -
499 1012 511 1016 -
531 996 582 1028 22„
603 998 622 1025 2
641 999 782 1035 Achagia.

612 1097 672 1129 122.
712 1099 755 1131 De
777 1101 887 1132 saneta
906 1103 1004 1133 Anna.

153 1171 209 1205 la.
236 1172 341 1213 Anna,
367 1175 423 1214 pia
445 1179 558 1216 mater,
585 1186 653 1214 ave,

235 1219 331 1259 Cujus
354 1231 468 1254 nomen
495 1227 543 1256 est,
567 1233 673 1264 suave,

279 1268 376 1300 Anna
400 1273 492 1302 sonat
516 1272 660 1311 gratiam.

150 1323 205 1354 2a.
233 1325 314 1363 Ave,
340 1334 458 1364 parens
483 1328 608 1360 stellam
633 1330 742 1372 maris,

232 1369 332 1408 Quam
348 1374 383 1403 tu
399 1376 532 1413 nuptam
551 1377 774 1415 contemplaris

273 1417 373 1459 Regis
397 1429 507 1462 regum
532 1421 598 1455 filio
610 1434 617 1463 ;

146 1473 203 1506 3a.
230 1474 289 1513 Tu,
316 1484 397 1515 quae
421 1478 491 1510 sola
513 1480 667 1521 meruisti,

226 1521 309 1553 Esse
333 1531 450 1563 parens
474 1527 586 1558 matris
613 1528 743 1571 Christi,

275 1570 392 1603 Preces
417 1579 544 1605 nostras
569 1577 706 1616 suscipe,

839 1180 896 1212 1b.
920 1183 1000 1221 Ave,
1027 1182 1119 1214 Jesse
1143 1185 1236 1216 radix
1260 1184 1358 1220 floris,

919 1229 1005 1268 Quae
1030 1231 1176 1262 coelestis
1204 1232 1259 1264 dat
1282 1233 1389 1265 odoris

965 1276 1140 1308 Perennem
1164 1276 1373 1319 flagrantiam.

835 1331 894 1365 2b.
916 1332 998 1372 Ave,
1025 1341 1149 1373 gemma
1173 1336 1350 1375 mulierum,

918 1379 1046 1412 Clarum
1070 1381 1170 1422 sidus,
1195 1383 1250 1414 lux
1277 1383 1410 1418 dierum,

962 1427 1039 1459 Alto
1064 1426 1190 1469 fulgens
1216 1430 1306 1463 solio.

832 1482 891 1516 31).
913 1483 962 1515 Tu
985 1493 1043 1516 nos
1066 1486 1163 1517 matri
1186 1488 1282 1527 atque
1305 1488 1398 1527 proli,

914 1530 993 1571 Regi
1019 1540 1057 1562 ac
1081 1533 1211 1573 reginae
1234 1535 1301 1574 poli

961 1577 1189 1612 Commendare
1213 1590 1276 1613 non
1303 1582 1423 1616 desine.

218 1644 302 1671 Miss.
323 1654 377 1673 ins.
397 1646 592 1683 Tegrinsense
612 1657 688 1677 saec.
714 1648 758 1678 15.
781 1650 854 1678 Chn.
878 1653 1046 1681 Monacens.
1069 1652 1104 1682 19
1115 1653 1181 1683 560.

599 1777 659 1808 123.
698 1779 742 1810 De
762 1781 873 1811 sancta
893 1782 991 1812 Anna.

143 1851 199 1884 Ia.
225 1853 404 1886 Jubilemus
428 1854 461 1886 in
486 1855 607 1887 honore

223 1899 341 1932 Matris
368 1900 486 1933 Christi
511 1911 580 1934 cum
607 1904 731 1945 decore,

272 1947 394 1980 Summi
418 1949 502 1991 regis
528 1950 628 1989 aviae,

220 2005 425 2038 Honorantes
448 2007 641 2049 invocemus,

220 2053 410 2086 Invocantes
435 2055 624 2088 honoremus

265 2101 489 2135 Venerandam
514 2103 645 2145 angelis,

221 2158 346 2191 Nomen
371 2160 431 2192 tibi
456 2161 639 2201 gratiosum,

198 2206 326 2250 ‘Anna,
355 2207 445 2240 dedit
469 2209 645 2248 pretiosum

264 2254 335 2287 Tua
354 2258 448 2287 natus
473 2255 550 2297 filia,

216 2311 329 2353 Nemo,
357 2313 410 2353 qui
435 2316 468 2344 te
487 2317 667 2358 veneratur,

216 2359 295 2392 Orat
319 2359 450 2402 frustra,
478 2362 536 2394 sed
562 2362 699 2396 donatur

261 2407 389 2449 Magnis
411 2408 586 2451 beneficiis,

139 2005 195 2037 2a.

137 2158 193 2191 3a.

133 2311 190 2345 4a.

830 1859 888 1892 lb.
914 1860 1007 1893 Omni
1032 1862 1128 1894 laude
1153 1871 1229 1895 vere
1255 1864 1379 1904 dignae,

910 1908 997 1948 Piae,
1023 1909 1109 1940 mitis
1135 1913 1168 1941 et
1188 1910 1353 1952 benignae,

958 1955 1156 1988 Excellentis
1180 1958 1310 1998 gloriae.

827 2011 886 2045 2b.
903 2012 999 2044 Anna
1022 2015 1135 2053 mater,
1161 2017 1194 2046 te
1217 2015 1393 2060 laudamus,

907 2059 1010 2092 Tuum
1034 2070 1149 2093 nomen
1172 2062 1355 2096 invocamus

954 2108 1049 2149 Voce,
1078 2109 1184 2150 corde,
1212 2112 1352 2145 canticis.

823 2164 882 2198 3b.
905 2165 1004 2204 Quam
1024 2168 1060 2198 tu
1080 2166 1150 2198 sine
1165 2169 1289 2200 macula
1308 2170 1449 2202 criminis

908 2212 1090 2254 Concepisti
1113 2214 1223 2247 miseri
1248 2216 1384 2249 hominis

951 2261 1152 2294 Advocatam
1179 2263 1339 2298 dilectam.

819 2316 880 2351 4b.
903 2317 996 2351 Dono
1021 2320 1124 2351 sancti
1149 2321 1280 2360 spiritus

902 2366 1089 2399 Illustratur
1112 2369 1233 2401 animus

946 2414 989 2447 Et
1013 2419 1170 2457 purgatur
1193 2417 1290 2451 vitiis.

1229 2473 1272 2500 7*
