<?xml version="1.0" encoding="UTF-8"?>
<!DOCTYPE html PUBLIC "-//W3C//DTD XHTML 1.0 Transitional//EN"
    "http://www.w3.org/TR/xhtml1/DTD/xhtml1-transitional.dtd">
<html xmlns="http://www.w3.org/1999/xhtml" xml:lang="en" lang="en">
 <head>
  <title>
</title>
<meta http-equiv="Content-Type" content="text/html;charset=utf-8" />
  <meta name='ocr-system' content='tesseract 3.04.00' />
  <meta name='ocr-capabilities' content='ocr_page ocr_carea ocr_par ocr_line ocrx_word'/>
</head>
<body>
  <div class='ocr_page' id='page_1' title='image "./analectahymnica09drevuoft_00230.png"; bbox 0 0 1653 2632; ppageno 0'>
   <div class='ocr_carea' id='block_1_1' title="bbox 695 131 956 166">
    <p class='ocr_par' dir='ltr' id='par_1_1' title="bbox 695 131 956 166">
     <span class='ocr_line' id='line_1_1' title="bbox 695 131 956 166; baseline -0.008 0"><span class='ocrx_word' id='word_1_1' title='bbox 695 131 956 166; x_wconf 84' lang='lat'><strong>—229—</strong></span> 
     </span>
    </p>
   </div>
   <div class='ocr_carea' id='block_1_2' title="bbox 164 226 1478 763">
    <p class='ocr_par' dir='ltr' id='par_1_2' title="bbox 164 226 1478 763">
     <span class='ocr_line' id='line_1_2' title="bbox 165 226 1387 268; baseline -0.003 -7"><span class='ocrx_word' id='word_1_2' title='bbox 165 229 224 261; x_wconf 74' lang='lat'>62..</span> <span class='ocrx_word' id='word_1_3' title='bbox 251 227 276 261; x_wconf 96' lang='grc' dir='ltr'>Ο</span> <span class='ocrx_word' id='word_1_4' title='bbox 306 229 453 260; x_wconf 85' lang='lat' dir='ltr'>matrona</span> <span class='ocrx_word' id='word_1_5' title='bbox 472 228 622 268; x_wconf 84' lang='lat' dir='ltr'>gratiosa,</span> <span class='ocrx_word' id='word_1_6' title='bbox 855 227 912 261; x_wconf 91' lang='lat' dir='ltr'>6b.</span> <span class='ocrx_word' id='word_1_7' title='bbox 935 228 995 260; x_wconf 88' lang='lat' dir='ltr'>His</span> <span class='ocrx_word' id='word_1_8' title='bbox 1020 235 1154 258; x_wconf 85' lang='lat' dir='ltr'>accensa</span> <span class='ocrx_word' id='word_1_9' title='bbox 1179 226 1224 257; x_wconf 81' lang='lat' dir='ltr'>sic</span> <span class='ocrx_word' id='word_1_10' title='bbox 1249 226 1387 265; x_wconf 76' lang='lat' dir='ltr'>ploravit</span> 
     </span>
     <span class='ocr_line' id='line_1_3' title="bbox 250 273 1324 316; baseline -0.002 -10"><span class='ocrx_word' id='word_1_11' title='bbox 250 275 351 315; x_wconf 77' lang='lat' dir='ltr'>Quam</span> <span class='ocrx_word' id='word_1_12' title='bbox 375 274 566 316; x_wconf 85' lang='lat' dir='ltr'>transfigunt</span> <span class='ocrx_word' id='word_1_13' title='bbox 591 285 737 308; x_wconf 87' lang='lat' dir='ltr'>amorosa</span> <span class='ocrx_word' id='word_1_14' title='bbox 936 274 1153 313; x_wconf 85' lang='lat' dir='ltr'>Lacrimisque</span> <span class='ocrx_word' id='word_1_15' title='bbox 1177 273 1324 313; x_wconf 77' lang='lat' dir='ltr'>irrigavit</span> 
     </span>
     <span class='ocr_line' id='line_1_4' title="bbox 298 320 1357 364; baseline -0.002 -8"><span class='ocrx_word' id='word_1_16' title='bbox 298 321 450 356; x_wconf 81' lang='lat' dir='ltr'>Crucifixi</span> <span class='ocrx_word' id='word_1_17' title='bbox 474 323 632 364; x_wconf 78' lang='lat' dir='ltr'>stigmata,</span> <span class='ocrx_word' id='word_1_18' title='bbox 983 321 1160 354; x_wconf 85' lang='lat' dir='ltr'>Pavimenti</span> <span class='ocrx_word' id='word_1_19' title='bbox 1184 320 1357 354; x_wconf 79' lang='lat' dir='ltr'>schemata.</span> 
     </span>
     <span class='ocr_line' id='line_1_5' title="bbox 166 377 1370 417; baseline -0.007 -3"><span class='ocrx_word' id='word_1_20' title='bbox 166 381 223 414; x_wconf 81' lang='lat' dir='ltr'>7a.</span> <span class='ocrx_word' id='word_1_21' title='bbox 249 380 338 412; x_wconf 88' lang='lat' dir='ltr'>Pane</span> <span class='ocrx_word' id='word_1_22' title='bbox 365 380 446 411; x_wconf 87' lang='lat' dir='ltr'>coeli</span> <span class='ocrx_word' id='word_1_23' title='bbox 470 382 613 412; x_wconf 84' lang='lat' dir='ltr'>saturata</span> <span class='ocrx_word' id='word_1_24' title='bbox 855 381 873 412; x_wconf 86' lang='lat'><strong>7</strong></span> <span class='ocrx_word' id='word_1_25' title='bbox 881 379 912 411; x_wconf 92' lang='lat' dir='ltr'>b.</span> <span class='ocrx_word' id='word_1_26' title='bbox 935 378 1047 410; x_wconf 83' lang='lat' dir='ltr'>Mente</span> <span class='ocrx_word' id='word_1_27' title='bbox 1071 381 1165 417; x_wconf 87' lang='lat' dir='ltr'>rapta</span> <span class='ocrx_word' id='word_1_28' title='bbox 1191 377 1370 415; x_wconf 85' lang='lat' dir='ltr'>exsultavit,</span> 
     </span>
     <span class='ocr_line' id='line_1_6' title="bbox 249 423 1346 464; baseline -0.004 -6"><span class='ocrx_word' id='word_1_29' title='bbox 249 427 319 459; x_wconf 82' lang='lat' dir='ltr'>Stat</span> <span class='ocrx_word' id='word_1_30' title='bbox 347 436 366 458; x_wconf 84' lang='lat' dir='ltr'>a</span> <span class='ocrx_word' id='word_1_31' title='bbox 389 427 485 458; x_wconf 84' lang='lat' dir='ltr'>terris</span> <span class='ocrx_word' id='word_1_32' title='bbox 508 427 631 459; x_wconf 83' lang='lat' dir='ltr'>elevata</span> <span class='ocrx_word' id='word_1_33' title='bbox 935 426 1121 464; x_wconf 74' lang='lat' dir='ltr'>Volitemus‚</span> <span class='ocrx_word' id='word_1_34' title='bbox 1148 423 1346 463; x_wconf 81' lang='lat' dir='ltr'>exclamavit,</span> 
     </span>
     <span class='ocr_line' id='line_1_7' title="bbox 299 470 1303 517; baseline -0.002 -11"><span class='ocrx_word' id='word_1_35' title='bbox 299 474 407 508; x_wconf 84' lang='lat' dir='ltr'>Cubiti</span> <span class='ocrx_word' id='word_1_36' title='bbox 433 474 594 517; x_wconf 80' lang='lat' dir='ltr'>distantia,</span> <span class='ocrx_word' id='word_1_37' title='bbox 981 473 1035 504; x_wconf 90' lang='lat' dir='ltr'>Ad</span> <span class='ocrx_word' id='word_1_38' title='bbox 1062 472 1141 504; x_wconf 78' lang='lat' dir='ltr'>coeli</span> <span class='ocrx_word' id='word_1_39' title='bbox 1165 470 1303 511; x_wconf 84' lang='lat' dir='ltr'>fastigia.</span> 
     </span>
     <span class='ocr_line' id='line_1_8' title="bbox 165 529 1397 572; baseline -0.004 -8"><span class='ocrx_word' id='word_1_40' title='bbox 165 532 222 565; x_wconf 83' lang='lat' dir='ltr'>8a.</span> <span class='ocrx_word' id='word_1_41' title='bbox 246 531 311 570; x_wconf 78' lang='lat' dir='ltr'>Eja</span> <span class='ocrx_word' id='word_1_42' title='bbox 333 534 437 563; x_wconf 85' lang='lat' dir='ltr'>mater</span> <span class='ocrx_word' id='word_1_43' title='bbox 462 534 493 562; x_wconf 81' lang='lat' dir='ltr'>et</span> <span class='ocrx_word' id='word_1_44' title='bbox 517 534 672 572; x_wconf 86' lang='lat' dir='ltr'>matrona,</span> <span class='ocrx_word' id='word_1_45' title='bbox 853 529 912 563; x_wconf 81' lang='grc'>81).</span> <span class='ocrx_word' id='word_1_46' title='bbox 935 530 989 572; x_wconf 79' lang='lat' dir='ltr'>Ut,</span> <span class='ocrx_word' id='word_1_47' title='bbox 1017 530 1091 561; x_wconf 87' lang='lat' dir='ltr'>dum</span> <span class='ocrx_word' id='word_1_48' title='bbox 1116 537 1212 561; x_wconf 86' lang='lat' dir='ltr'>carne</span> <span class='ocrx_word' id='word_1_49' title='bbox 1238 537 1397 567; x_wconf 83' lang='lat' dir='ltr'>exuemur,</span> 
     </span>
     <span class='ocr_line' id='line_1_9' title="bbox 248 576 1277 618; baseline -0.004 -8"><span class='ocrx_word' id='word_1_50' title='bbox 248 579 418 610; x_wconf 80' lang='lat' dir='ltr'>Advocata</span> <span class='ocrx_word' id='word_1_51' title='bbox 443 581 476 609; x_wconf 81' lang='lat' dir='ltr'>et</span> <span class='ocrx_word' id='word_1_52' title='bbox 499 581 635 618; x_wconf 84' lang='lat' dir='ltr'>patrona</span> <span class='ocrx_word' id='word_1_53' title='bbox 933 577 1017 609; x_wconf 85' lang='lat' dir='ltr'>Nato</span> <span class='ocrx_word' id='word_1_54' title='bbox 1042 580 1096 608; x_wconf 87' lang='lat' dir='ltr'>tuo</span> <span class='ocrx_word' id='word_1_55' title='bbox 1122 576 1277 608; x_wconf 80' lang='lat' dir='ltr'>sociemur</span> 
     </span>
     <span class='ocr_line' id='line_1_10' title="bbox 299 623 1290 666; baseline -0.001 -9"><span class='ocrx_word' id='word_1_56' title='bbox 299 625 350 657; x_wconf 92' lang='lat' dir='ltr'>Sis</span> <span class='ocrx_word' id='word_1_57' title='bbox 375 635 434 666; x_wconf 89' lang='lat' dir='ltr'>pro</span> <span class='ocrx_word' id='word_1_58' title='bbox 458 626 521 657; x_wconf 88' lang='lat' dir='ltr'>tuis</span> <span class='ocrx_word' id='word_1_59' title='bbox 546 624 631 666; x_wconf 84' lang='lat' dir='ltr'>ffliis,</span> <span class='ocrx_word' id='word_1_60' title='bbox 983 624 1131 656; x_wconf 85' lang='lat' dir='ltr'>Paradisi</span> <span class='ocrx_word' id='word_1_61' title='bbox 1155 623 1290 663; x_wconf 73' lang='lat' dir='ltr'>gausliiS.</span> 
     </span>
     <span class='ocr_line' id='line_1_11' title="bbox 245 688 1478 720; baseline -0.004 0"><span class='ocrx_word' id='word_1_62' title='bbox 245 691 333 720; x_wconf 80' lang='lat' dir='ltr'>Grad.</span> <span class='ocrx_word' id='word_1_63' title='bbox 361 700 415 718; x_wconf 72' lang='lat' dir='ltr'>ms.</span> <span class='ocrx_word' id='word_1_64' title='bbox 436 691 695 719; x_wconf 75' lang='lat' dir='ltr'>Gasesdoncauum</span> <span class='ocrx_word' id='word_1_65' title='bbox 721 699 796 719; x_wconf 81' lang='lat' dir='ltr'>saec.</span> <span class='ocrx_word' id='word_1_66' title='bbox 824 688 897 718; x_wconf 70' lang='lat' dir='ltr'>15l1e.</span> <span class='ocrx_word' id='word_1_67' title='bbox 918 690 953 717; x_wconf 88' lang='lat' dir='ltr'>A.</span> <span class='ocrx_word' id='word_1_68' title='bbox 974 706 1011 710; x_wconf 96' lang='lat'>—</span> <span class='ocrx_word' id='word_1_69' title='bbox 1031 690 1118 718; x_wconf 81' lang='lat' dir='ltr'>Grad.</span> <span class='ocrx_word' id='word_1_70' title='bbox 1144 698 1197 716; x_wconf 92' lang='lat' dir='ltr'>ms.</span> <span class='ocrx_word' id='word_1_71' title='bbox 1220 689 1383 716; x_wconf 84' lang='lat' dir='ltr'>Lubieense</span> <span class='ocrx_word' id='word_1_72' title='bbox 1403 696 1478 716; x_wconf 70' lang='lat' dir='ltr'>saec.</span> 
     </span>
     <span class='ocr_line' id='line_1_12' title="bbox 164 726 864 763; baseline -0.003 -6"><span class='ocrx_word' id='word_1_73' title='bbox 164 726 242 757; x_wconf 74' lang='lat' dir='ltr'>1⁵l1o.</span> <span class='ocrx_word' id='word_1_74' title='bbox 263 730 296 756; x_wconf 91' lang='lat' dir='ltr'>B.</span> <span class='ocrx_word' id='word_1_75' title='bbox 318 743 355 748; x_wconf 94' lang='lat'><strong>—</strong></span> <span class='ocrx_word' id='word_1_76' title='bbox 375 729 459 756; x_wconf 83' lang='lat' dir='ltr'>Mel.:</span> <span class='ocrx_word' id='word_1_77' title='bbox 481 728 631 763; x_wconf 83' lang='lat' dir='ltr'>Majestati</span> <span class='ocrx_word' id='word_1_78' title='bbox 652 731 864 757; x_wconf 68' lang='lat' dir='ltr'>sacrosanctae.</span> 
     </span>
    </p>
   </div>
   <div class='ocr_carea' id='block_1_3' title="bbox 608 805 1038 838">
    <p class='ocr_par' dir='ltr' id='par_1_3' title="bbox 608 805 1038 838">
     <span class='ocr_line' id='line_1_13' title="bbox 608 805 1038 838; baseline -0.005 0"><span class='ocrx_word' id='word_1_79' title='bbox 608 806 675 838; x_wconf 86' lang='lat'><strong>309.</strong></span> <span class='ocrx_word' id='word_1_80' title='bbox 714 807 757 838; x_wconf 85' lang='lat' dir='ltr'>De</span> <span class='ocrx_word' id='word_1_81' title='bbox 780 807 887 838; x_wconf 87' lang='lat' dir='ltr'>sancto</span> <span class='ocrx_word' id='word_1_82' title='bbox 907 805 1038 837; x_wconf 82' lang='lat' dir='ltr'>Nicasio.</span> 
     </span>
    </p>
   </div>
   <div class='ocr_carea' id='block_1_4' title="bbox 161 865 1476 1453">
    <p class='ocr_par' dir='ltr' id='par_1_4' title="bbox 161 865 1476 1453">
     <span class='ocr_line' id='line_1_14' title="bbox 166 865 1355 907; baseline -0.004 -6"><span class='ocrx_word' id='word_1_83' title='bbox 166 868 223 901; x_wconf 84' lang='lat' dir='ltr'>1a.</span> <span class='ocrx_word' id='word_1_84' title='bbox 250 868 341 900; x_wconf 88' lang='lat' dir='ltr'>Stola</span> <span class='ocrx_word' id='word_1_85' title='bbox 362 868 467 907; x_wconf 85' lang='lat' dir='ltr'>prima</span> <span class='ocrx_word' id='word_1_86' title='bbox 491 867 660 906; x_wconf 86' lang='lat' dir='ltr'>praemiati</span> <span class='ocrx_word' id='word_1_87' title='bbox 853 867 911 900; x_wconf 82' lang='lat' dir='ltr'>1b.</span> <span class='ocrx_word' id='word_1_88' title='bbox 933 867 987 898; x_wconf 78' lang='lat' dir='ltr'>Ad</span> <span class='ocrx_word' id='word_1_89' title='bbox 1013 869 1156 898; x_wconf 87' lang='lat' dir='ltr'>octavam</span> <span class='ocrx_word' id='word_1_90' title='bbox 1180 865 1355 904; x_wconf 62' lang='lat' dir='ltr'>transituri,</span> 
     </span>
     <span class='ocr_line' id='line_1_15' title="bbox 247 912 1381 952; baseline -0.004 -5"><span class='ocrx_word' id='word_1_91' title='bbox 247 916 301 947; x_wconf 86' lang='lat' dir='ltr'>Ad</span> <span class='ocrx_word' id='word_1_92' title='bbox 327 915 499 946; x_wconf 84' lang='lat' dir='ltr'>secundam</span> <span class='ocrx_word' id='word_1_93' title='bbox 526 913 703 946; x_wconf 88' lang='lat' dir='ltr'>confirmati</span> <span class='ocrx_word' id='word_1_94' title='bbox 935 914 1069 946; x_wconf 87' lang='lat' dir='ltr'>Demum</span> <span class='ocrx_word' id='word_1_95' title='bbox 1091 913 1186 952; x_wconf 84' lang='lat' dir='ltr'>plene</span> <span class='ocrx_word' id='word_1_96' title='bbox 1210 912 1381 951; x_wconf 74' lang='lat' dir='ltr'>recepturi,</span> 
     </span>
     <span class='ocr_line' id='line_1_16' title="bbox 297 959 1476 1001; baseline -0.004 -7"><span class='ocrx_word' id='word_1_97' title='bbox 297 962 406 994; x_wconf 82' lang='lat' dir='ltr'>Sancti</span> <span class='ocrx_word' id='word_1_98' title='bbox 430 964 553 993; x_wconf 87' lang='lat' dir='ltr'>metunt</span> <span class='ocrx_word' id='word_1_99' title='bbox 576 962 610 993; x_wconf 89' lang='lat' dir='ltr'>in</span> <span class='ocrx_word' id='word_1_100' title='bbox 634 961 736 1001; x_wconf 89' lang='lat' dir='ltr'>gloria</span> <span class='ocrx_word' id='word_1_101' title='bbox 982 961 1069 999; x_wconf 79' lang='lat' dir='ltr'>Quae</span> <span class='ocrx_word' id='word_1_102' title='bbox 1083 959 1476 999; x_wconf 77' lang='lat' dir='ltr'>exspectantinpraemia.</span> 
     </span>
     <span class='ocr_line' id='line_1_17' title="bbox 163 1015 1386 1057; baseline -0.006 -4"><span class='ocrx_word' id='word_1_103' title='bbox 163 1022 222 1053; x_wconf 86' lang='lat' dir='ltr'>2a.</span> <span class='ocrx_word' id='word_1_104' title='bbox 251 1019 328 1052; x_wconf 89' lang='lat' dir='ltr'>Cum</span> <span class='ocrx_word' id='word_1_105' title='bbox 353 1018 480 1050; x_wconf 79' lang='lat' dir='ltr'>sedebit</span> <span class='ocrx_word' id='word_1_106' title='bbox 500 1018 665 1057; x_wconf 84' lang='lat' dir='ltr'>judicium,</span> <span class='ocrx_word' id='word_1_107' title='bbox 853 1018 911 1051; x_wconf 86' lang='lat' dir='ltr'>2b.</span> <span class='ocrx_word' id='word_1_108' title='bbox 932 1017 1075 1049; x_wconf 89' lang='lat' dir='ltr'>Trahens</span> <span class='ocrx_word' id='word_1_109' title='bbox 1098 1017 1139 1048; x_wconf 86' lang='lat' dir='ltr'>ad</span> <span class='ocrx_word' id='word_1_110' title='bbox 1162 1019 1280 1047; x_wconf 87' lang='lat' dir='ltr'>terram</span> <span class='ocrx_word' id='word_1_111' title='bbox 1304 1015 1386 1046; x_wconf 85' lang='lat' dir='ltr'>retia</span> 
     </span>
     <span class='ocr_line' id='line_1_18' title="bbox 249 1062 1322 1103; baseline -0.005 -5"><span class='ocrx_word' id='word_1_112' title='bbox 249 1067 304 1099; x_wconf 88' lang='lat' dir='ltr'>Ad</span> <span class='ocrx_word' id='word_1_113' title='bbox 329 1069 493 1098; x_wconf 88' lang='lat' dir='ltr'>aeternum</span> <span class='ocrx_word' id='word_1_114' title='bbox 520 1066 683 1097; x_wconf 86' lang='lat' dir='ltr'>denarium</span> <span class='ocrx_word' id='word_1_115' title='bbox 936 1064 1138 1103; x_wconf 81' lang='lat' dir='ltr'>Collectaque</span> <span class='ocrx_word' id='word_1_116' title='bbox 1162 1062 1322 1094; x_wconf 77' lang='lat' dir='ltr'>vindemia</span> 
     </span>
     <span class='ocr_line' id='line_1_19' title="bbox 295 1110 1363 1153; baseline -0.005 -8"><span class='ocrx_word' id='word_1_117' title='bbox 295 1114 424 1145; x_wconf 87' lang='lat' dir='ltr'>Vocatis</span> <span class='ocrx_word' id='word_1_118' title='bbox 449 1113 615 1153; x_wconf 77' lang='lat' dir='ltr'>operariis,</span> <span class='ocrx_word' id='word_1_119' title='bbox 981 1110 1075 1142; x_wconf 83' lang='lat' dir='ltr'>Foris</span> <span class='ocrx_word' id='word_1_120' title='bbox 1106 1110 1214 1149; x_wconf 86' lang='lat' dir='ltr'>ejectis</span> <span class='ocrx_word' id='word_1_121' title='bbox 1238 1110 1363 1149; x_wconf 88' lang='lat' dir='ltr'>impiis;</span> 
     </span>
     <span class='ocr_line' id='line_1_20' title="bbox 163 1166 1417 1208; baseline -0.006 -5"><span class='ocrx_word' id='word_1_122' title='bbox 163 1173 221 1204; x_wconf 83' lang='lat' dir='ltr'>3a.</span> <span class='ocrx_word' id='word_1_123' title='bbox 248 1171 339 1202; x_wconf 85' lang='lat' dir='ltr'>Tune</span> <span class='ocrx_word' id='word_1_124' title='bbox 365 1179 434 1201; x_wconf 89' lang='lat' dir='ltr'>cum</span> <span class='ocrx_word' id='word_1_125' title='bbox 460 1171 548 1201; x_wconf 89' lang='lat' dir='ltr'>veste</span> <span class='ocrx_word' id='word_1_126' title='bbox 571 1168 708 1208; x_wconf 83' lang='lat' dir='ltr'>nuptiali</span> <span class='ocrx_word' id='word_1_127' title='bbox 853 1168 912 1201; x_wconf 84' lang='lat' dir='ltr'>3b.</span> <span class='ocrx_word' id='word_1_128' title='bbox 931 1168 1052 1200; x_wconf 85' lang='lat' dir='ltr'>Panem</span> <span class='ocrx_word' id='word_1_129' title='bbox 1080 1167 1176 1198; x_wconf 87' lang='lat' dir='ltr'>edent</span> <span class='ocrx_word' id='word_1_130' title='bbox 1199 1166 1417 1201; x_wconf 81' lang='lat' dir='ltr'>medullatum,</span> 
     </span>
     <span class='ocr_line' id='line_1_21' title="bbox 247 1212 1408 1250; baseline -0.004 -1"><span class='ocrx_word' id='word_1_131' title='bbox 247 1218 332 1250; x_wconf 79' lang='lat' dir='ltr'>Doto</span> <span class='ocrx_word' id='word_1_132' title='bbox 353 1218 457 1249; x_wconf 86' lang='lat' dir='ltr'>carnis</span> <span class='ocrx_word' id='word_1_133' title='bbox 478 1216 647 1248; x_wconf 84' lang='lat' dir='ltr'>immortali</span> <span class='ocrx_word' id='word_1_134' title='bbox 934 1215 1050 1247; x_wconf 86' lang='lat' dir='ltr'>Vinum</span> <span class='ocrx_word' id='word_1_135' title='bbox 1074 1214 1186 1245; x_wconf 80' lang='lat' dir='ltr'>bibent</span> <span class='ocrx_word' id='word_1_136' title='bbox 1211 1212 1408 1245; x_wconf 84' lang='lat' dir='ltr'>defaecatum</span> 
     </span>
     <span class='ocr_line' id='line_1_22' title="bbox 295 1260 1429 1303; baseline -0.004 -7"><span class='ocrx_word' id='word_1_137' title='bbox 295 1265 431 1296; x_wconf 89' lang='lat' dir='ltr'>Domum</span> <span class='ocrx_word' id='word_1_138' title='bbox 455 1264 611 1295; x_wconf 81' lang='lat' dir='ltr'>intrantes</span> <span class='ocrx_word' id='word_1_139' title='bbox 637 1263 766 1303; x_wconf 84' lang='lat' dir='ltr'>gloriae,</span> <span class='ocrx_word' id='word_1_140' title='bbox 982 1262 1060 1294; x_wconf 83' lang='lat' dir='ltr'>Cum</span> <span class='ocrx_word' id='word_1_141' title='bbox 1084 1261 1204 1300; x_wconf 81' lang='lat' dir='ltr'>Joseph</span> <span class='ocrx_word' id='word_1_142' title='bbox 1228 1262 1261 1292; x_wconf 87' lang='lat' dir='ltr'>in</span> <span class='ocrx_word' id='word_1_143' title='bbox 1286 1260 1429 1292; x_wconf 85' lang='lat' dir='ltr'>meridie.</span> 
     </span>
     <span class='ocr_line' id='line_1_23' title="bbox 161 1317 1271 1360; baseline -0.008 -4"><span class='ocrx_word' id='word_1_144' title='bbox 161 1324 222 1356; x_wconf 84' lang='lat' dir='ltr'>4a.</span> <span class='ocrx_word' id='word_1_145' title='bbox 251 1322 289 1354; x_wconf 89' lang='lat' dir='ltr'>In</span> <span class='ocrx_word' id='word_1_146' title='bbox 313 1321 374 1353; x_wconf 90' lang='lat' dir='ltr'>hoc</span> <span class='ocrx_word' id='word_1_147' title='bbox 400 1330 473 1360; x_wconf 79' lang='lat' dir='ltr'>ergo</span> <span class='ocrx_word' id='word_1_148' title='bbox 500 1319 610 1351; x_wconf 84' lang='lat' dir='ltr'>exsilio</span> <span class='ocrx_word' id='word_1_149' title='bbox 852 1319 911 1352; x_wconf 86' lang='lat' dir='ltr'>4b.</span> <span class='ocrx_word' id='word_1_150' title='bbox 931 1318 976 1351; x_wconf 91' lang='lat' dir='ltr'>Ut</span> <span class='ocrx_word' id='word_1_151' title='bbox 1001 1320 1132 1358; x_wconf 85' lang='lat' dir='ltr'>peracta</span> <span class='ocrx_word' id='word_1_152' title='bbox 1156 1317 1271 1348; x_wconf 84' lang='lat' dir='ltr'>militia</span> 
     </span>
     <span class='ocr_line' id='line_1_24' title="bbox 250 1364 1356 1404; baseline -0.005 -4"><span class='ocrx_word' id='word_1_153' title='bbox 250 1368 304 1401; x_wconf 85' lang='lat' dir='ltr'>Sic</span> <span class='ocrx_word' id='word_1_154' title='bbox 325 1377 487 1400; x_wconf 83' lang='lat' dir='ltr'>curramus</span> <span class='ocrx_word' id='word_1_155' title='bbox 512 1367 544 1398; x_wconf 90' lang='lat' dir='ltr'>in</span> <span class='ocrx_word' id='word_1_156' title='bbox 570 1367 674 1399; x_wconf 87' lang='lat' dir='ltr'>stadio</span> <span class='ocrx_word' id='word_1_157' title='bbox 937 1365 1172 1404; x_wconf 86' lang='lat' dir='ltr'>Consequamur</span> <span class='ocrx_word' id='word_1_158' title='bbox 1194 1364 1227 1395; x_wconf 92' lang='lat' dir='ltr'>in</span> <span class='ocrx_word' id='word_1_159' title='bbox 1251 1364 1356 1403; x_wconf 85' lang='lat' dir='ltr'>patria</span> 
     </span>
     <span class='ocr_line' id='line_1_25' title="bbox 297 1411 1407 1453; baseline -0.005 -6"><span class='ocrx_word' id='word_1_160' title='bbox 297 1416 500 1447; x_wconf 65' lang='lat' dir='ltr'>festinantes</span> <span class='ocrx_word' id='word_1_161' title='bbox 522 1414 565 1446; x_wconf 83' lang='lat' dir='ltr'>ad</span> <span class='ocrx_word' id='word_1_162' title='bbox 590 1413 744 1453; x_wconf 85' lang='lat' dir='ltr'>bravium,</span> <span class='ocrx_word' id='word_1_163' title='bbox 981 1412 1194 1444; x_wconf 86' lang='lat' dir='ltr'>Memoratum</span> <span class='ocrx_word' id='word_1_164' title='bbox 1220 1411 1407 1442; x_wconf 81' lang='lat' dir='ltr'>convivium.</span> 
     </span>
    </p>
   </div>
   <div class='ocr_carea' id='block_1_5' title="bbox 160 1474 1480 1594">
    <p class='ocr_par' dir='ltr' id='par_1_5' title="bbox 160 1474 1480 1594">
     <span class='ocr_line' id='line_1_26' title="bbox 238 1474 1480 1508; baseline -0.006 0"><span class='ocrx_word' id='word_1_165' title='bbox 238 1482 322 1508; x_wconf 87' lang='lat' dir='ltr'>Miss.</span> <span class='ocrx_word' id='word_1_166' title='bbox 343 1489 397 1507; x_wconf 86' lang='lat' dir='ltr'>ms.</span> <span class='ocrx_word' id='word_1_167' title='bbox 419 1480 618 1507; x_wconf 77' lang='lat' dir='ltr'>Ambianense</span> <span class='ocrx_word' id='word_1_168' title='bbox 639 1486 714 1505; x_wconf 85' lang='lat' dir='ltr'>saec.</span> <span class='ocrx_word' id='word_1_169' title='bbox 737 1476 782 1505; x_wconf 86' lang='lat'>15.</span> <span class='ocrx_word' id='word_1_170' title='bbox 803 1477 872 1505; x_wconf 81' lang='lat' dir='ltr'>God.</span> <span class='ocrx_word' id='word_1_171' title='bbox 893 1477 1073 1505; x_wconf 84' lang='lat' dir='ltr'>Ambianens</span> <span class='ocrx_word' id='word_1_172' title='bbox 1109 1474 1172 1504; x_wconf 82' lang='lat'>163.</span> <span class='ocrx_word' id='word_1_173' title='bbox 1192 1475 1230 1502; x_wconf 81' lang='lat' dir='ltr'>A.</span> <span class='ocrx_word' id='word_1_174' title='bbox 1250 1490 1288 1494; x_wconf 89' lang='lat'><em>-</em></span> <span class='ocrx_word' id='word_1_175' title='bbox 1307 1476 1366 1502; x_wconf 84' lang='lat' dir='ltr'>Mis</span> <span class='ocrx_word' id='word_1_176' title='bbox 1412 1475 1480 1502; x_wconf 88' lang='lat' dir='ltr'>Arn-</span> 
     </span>
     <span class='ocr_line' id='line_1_27' title="bbox 160 1513 1479 1554; baseline -0.006 -6"><span class='ocrx_word' id='word_1_177' title='bbox 160 1521 303 1548; x_wconf 73' lang='lat' dir='ltr'>bianense</span> <span class='ocrx_word' id='word_1_178' title='bbox 332 1520 401 1554; x_wconf 87' lang='lat' dir='ltr'>imp.</span> <span class='ocrx_word' id='word_1_179' title='bbox 422 1518 546 1545; x_wconf 86' lang='lat' dir='ltr'>Parisiis</span> <span class='ocrx_word' id='word_1_180' title='bbox 568 1514 651 1544; x_wconf 79' lang='lat'>1529.</span> <span class='ocrx_word' id='word_1_181' title='bbox 674 1517 706 1544; x_wconf 88' lang='lat' dir='ltr'>B.</span> <span class='ocrx_word' id='word_1_182' title='bbox 732 1530 757 1534; x_wconf 80' lang='grc'><strong>-</strong></span> <span class='ocrx_word' id='word_1_183' title='bbox 792 1514 848 1551; x_wconf 81' lang='lat' dir='ltr'>lb,</span> <span class='ocrx_word' id='word_1_184' title='bbox 871 1513 889 1543; x_wconf 84' lang='lat'><strong>3</strong></span> <span class='ocrx_word' id='word_1_185' title='bbox 917 1515 1003 1549; x_wconf 81' lang='lat' dir='ltr'>Quod</span> <span class='ocrx_word' id='word_1_186' title='bbox 1028 1516 1198 1550; x_wconf 74' lang='lat' dir='ltr'>exspectant</span> <span class='ocrx_word' id='word_1_187' title='bbox 1217 1515 1249 1540; x_wconf 86' lang='lat' dir='ltr'>in</span> <span class='ocrx_word' id='word_1_188' title='bbox 1273 1514 1402 1549; x_wconf 84' lang='lat' dir='ltr'>praemio</span> <span class='ocrx_word' id='word_1_189' title='bbox 1428 1514 1479 1541; x_wconf 83' lang='lat' dir='ltr'>AB</span> 
     </span>
     <span class='ocr_line' id='line_1_28' title="bbox 161 1557 448 1594; baseline -0.01 -9"><span class='ocrx_word' id='word_1_190' title='bbox 161 1566 262 1594; x_wconf 80' lang='lat' dir='ltr'>gegen</span> <span class='ocrx_word' id='word_1_191' title='bbox 282 1557 337 1584; x_wconf 85' lang='lat' dir='ltr'>den</span> <span class='ocrx_word' id='word_1_192' title='bbox 357 1557 448 1584; x_wconf 77' lang='lat' dir='ltr'>Beim.</span> 
     </span>
    </p>
   </div>
   <div class='ocr_carea' id='block_1_6' title="bbox 615 1626 1039 1660">
    <p class='ocr_par' dir='ltr' id='par_1_6' title="bbox 615 1626 1039 1660">
     <span class='ocr_line' id='line_1_29' title="bbox 615 1626 1039 1660; baseline -0.007 0"><span class='ocrx_word' id='word_1_193' title='bbox 615 1628 677 1660; x_wconf 87' lang='lat'>310.</span> <span class='ocrx_word' id='word_1_194' title='bbox 717 1628 761 1659; x_wconf 86' lang='lat' dir='ltr'>De</span> <span class='ocrx_word' id='word_1_195' title='bbox 781 1627 888 1658; x_wconf 83' lang='lat' dir='ltr'>sancto</span> <span class='ocrx_word' id='word_1_196' title='bbox 909 1626 1039 1658; x_wconf 82' lang='lat' dir='ltr'>Nicasio.</span> 
     </span>
    </p>
   </div>
   <div class='ocr_carea' id='block_1_7' title="bbox 162 1685 1412 2389">
    <p class='ocr_par' dir='ltr' id='par_1_7' title="bbox 162 1685 1412 2389">
     <span class='ocr_line' id='line_1_30' title="bbox 168 1685 1373 1731; baseline -0.007 -7"><span class='ocrx_word' id='word_1_197' title='bbox 168 1693 225 1725; x_wconf 82' lang='lat' dir='ltr'>la.</span> <span class='ocrx_word' id='word_1_198' title='bbox 252 1690 408 1731; x_wconf 78' lang='lat' dir='ltr'>Martyris</span> <span class='ocrx_word' id='word_1_199' title='bbox 434 1690 551 1729; x_wconf 76' lang='lat' dir='ltr'>eximii,</span> <span class='ocrx_word' id='word_1_200' title='bbox 854 1688 910 1721; x_wconf 78' lang='lat' dir='ltr'>lb.</span> <span class='ocrx_word' id='word_1_201' title='bbox 934 1687 994 1725; x_wconf 84' lang='lat' dir='ltr'>Qui</span> <span class='ocrx_word' id='word_1_202' title='bbox 1017 1696 1076 1727; x_wconf 89' lang='lat' dir='ltr'>pro</span> <span class='ocrx_word' id='word_1_203' title='bbox 1103 1686 1222 1718; x_wconf 87' lang='lat' dir='ltr'>Christi</span> <span class='ocrx_word' id='word_1_204' title='bbox 1246 1685 1373 1717; x_wconf 82' lang='lat' dir='ltr'>nomine</span> 
     </span>
     <span class='ocr_line' id='line_1_31' title="bbox 247 1733 1286 1774; baseline -0.007 -4"><span class='ocrx_word' id='word_1_205' title='bbox 247 1738 409 1770; x_wconf 85' lang='lat' dir='ltr'>Praesulis</span> <span class='ocrx_word' id='word_1_206' title='bbox 437 1737 560 1769; x_wconf 82' lang='lat' dir='ltr'>Nicasii</span> <span class='ocrx_word' id='word_1_207' title='bbox 933 1734 1021 1767; x_wconf 81' lang='lat' dir='ltr'>Vicit</span> <span class='ocrx_word' id='word_1_208' title='bbox 1044 1734 1077 1765; x_wconf 89' lang='lat' dir='ltr'>in</span> <span class='ocrx_word' id='word_1_209' title='bbox 1104 1733 1286 1774; x_wconf 85' lang='lat' dir='ltr'>certamine,</span> 
     </span>
     <span class='ocr_line' id='line_1_32' title="bbox 295 1780 1295 1825; baseline -0.003 -9"><span class='ocrx_word' id='word_1_210' title='bbox 295 1785 456 1825; x_wconf 81' lang='lat' dir='ltr'>Pangatur</span> <span class='ocrx_word' id='word_1_211' title='bbox 478 1784 622 1825; x_wconf 86' lang='lat' dir='ltr'>victoria,</span> <span class='ocrx_word' id='word_1_212' title='bbox 984 1782 1160 1815; x_wconf 81' lang='lat' dir='ltr'>Coronatur</span> <span class='ocrx_word' id='word_1_213' title='bbox 1184 1780 1295 1820; x_wconf 81' lang='lat' dir='ltr'>gloria.</span> 
     </span>
     <span class='ocr_line' id='line_1_33' title="bbox 164 1837 1284 1880; baseline -0.006 -5"><span class='ocrx_word' id='word_1_214' title='bbox 164 1845 223 1876; x_wconf 83' lang='lat' dir='ltr'>2a.</span> <span class='ocrx_word' id='word_1_215' title='bbox 250 1842 314 1874; x_wconf 88' lang='lat' dir='ltr'>Hic</span> <span class='ocrx_word' id='word_1_216' title='bbox 336 1841 507 1873; x_wconf 83' lang='lat' dir='ltr'>Remorum</span> <span class='ocrx_word' id='word_1_217' title='bbox 530 1839 685 1880; x_wconf 82' lang='lat' dir='ltr'>pontifex,</span> <span class='ocrx_word' id='word_1_218' title='bbox 854 1839 911 1871; x_wconf 86' lang='lat' dir='ltr'>2b.</span> <span class='ocrx_word' id='word_1_219' title='bbox 933 1838 1148 1869; x_wconf 87' lang='lat' dir='ltr'>Vandalorum</span> <span class='ocrx_word' id='word_1_220' title='bbox 1174 1837 1284 1876; x_wconf 85' lang='lat' dir='ltr'>aciem,</span> 
     </span>
     <span class='ocr_line' id='line_1_34' title="bbox 249 1883 1281 1928; baseline -0.007 -6"><span class='ocrx_word' id='word_1_221' title='bbox 249 1889 435 1922; x_wconf 85' lang='lat' dir='ltr'>Sanctitatis</span> <span class='ocrx_word' id='word_1_222' title='bbox 461 1887 580 1928; x_wconf 76' lang='lat' dir='ltr'>opifex,</span> <span class='ocrx_word' id='word_1_223' title='bbox 934 1887 1133 1927; x_wconf 82' lang='lat' dir='ltr'>Paganorum</span> <span class='ocrx_word' id='word_1_224' title='bbox 1160 1883 1281 1916; x_wconf 79' lang='lat' dir='ltr'>rabiem</span> 
     </span>
     <span class='ocr_line' id='line_1_35' title="bbox 295 1932 1363 1972; baseline -0.006 -4"><span class='ocrx_word' id='word_1_225' title='bbox 295 1936 408 1969; x_wconf 86' lang='lat' dir='ltr'>Victor</span> <span class='ocrx_word' id='word_1_226' title='bbox 431 1944 467 1967; x_wconf 88' lang='lat' dir='ltr'>re</span> <span class='ocrx_word' id='word_1_227' title='bbox 492 1938 524 1967; x_wconf 84' lang='lat' dir='ltr'>et</span> <span class='ocrx_word' id='word_1_228' title='bbox 547 1935 682 1972; x_wconf 87' lang='lat' dir='ltr'>nomine,</span> <span class='ocrx_word' id='word_1_229' title='bbox 983 1932 1083 1965; x_wconf 81' lang='lat' dir='ltr'>Sedat</span> <span class='ocrx_word' id='word_1_230' title='bbox 1106 1932 1176 1963; x_wconf 84' lang='lat' dir='ltr'>fuso</span> <span class='ocrx_word' id='word_1_231' title='bbox 1202 1932 1363 1972; x_wconf 87' lang='lat' dir='ltr'>sanguine.</span> 
     </span>
     <span class='ocr_line' id='line_1_36' title="bbox 165 1989 1270 2032; baseline -0.007 -5"><span class='ocrx_word' id='word_1_232' title='bbox 165 1996 222 2029; x_wconf 84' lang='lat' dir='ltr'>3a.</span> <span class='ocrx_word' id='word_1_233' title='bbox 250 1994 333 2026; x_wconf 84' lang='lat' dir='ltr'>Nam</span> <span class='ocrx_word' id='word_1_234' title='bbox 358 1993 421 2025; x_wconf 90' lang='lat' dir='ltr'>Dei</span> <span class='ocrx_word' id='word_1_235' title='bbox 443 1993 565 2032; x_wconf 88' lang='lat' dir='ltr'>judicio</span> <span class='ocrx_word' id='word_1_236' title='bbox 854 1990 913 2024; x_wconf 68' lang='lat' dir='ltr'>ab.</span> <span class='ocrx_word' id='word_1_237' title='bbox 935 1990 980 2022; x_wconf 89' lang='lat' dir='ltr'>Et</span> <span class='ocrx_word' id='word_1_238' title='bbox 1005 1991 1149 2021; x_wconf 84' lang='lat' dir='ltr'>vastatur</span> <span class='ocrx_word' id='word_1_239' title='bbox 1173 1989 1270 2028; x_wconf 86' lang='lat' dir='ltr'>regio,</span> 
     </span>
     <span class='ocr_line' id='line_1_37' title="bbox 247 2036 1258 2080; baseline -0.006 -7"><span class='ocrx_word' id='word_1_240' title='bbox 247 2041 402 2074; x_wconf 87' lang='lat' dir='ltr'>Flammis</span> <span class='ocrx_word' id='word_1_241' title='bbox 428 2043 522 2080; x_wconf 88' lang='lat' dir='ltr'>atque</span> <span class='ocrx_word' id='word_1_242' title='bbox 545 2040 651 2080; x_wconf 84' lang='lat' dir='ltr'>gladio</span> <span class='ocrx_word' id='word_1_243' title='bbox 935 2037 1150 2070; x_wconf 85' lang='lat' dir='ltr'>Barbarorum</span> <span class='ocrx_word' id='word_1_244' title='bbox 1175 2036 1258 2077; x_wconf 84' lang='lat' dir='ltr'>legio</span> 
     </span>
     <span class='ocr_line' id='line_1_38' title="bbox 297 2084 1356 2127; baseline -0.006 -6"><span class='ocrx_word' id='word_1_245' title='bbox 297 2089 527 2121; x_wconf 84' lang='lat' dir='ltr'>Pessumdatur</span> <span class='ocrx_word' id='word_1_246' title='bbox 553 2087 669 2127; x_wconf 84' lang='lat' dir='ltr'>Gallia,</span> <span class='ocrx_word' id='word_1_247' title='bbox 982 2084 1091 2117; x_wconf 88' lang='lat' dir='ltr'>Remis</span> <span class='ocrx_word' id='word_1_248' title='bbox 1115 2084 1197 2124; x_wconf 87' lang='lat' dir='ltr'>petit</span> <span class='ocrx_word' id='word_1_249' title='bbox 1221 2084 1356 2116; x_wconf 83' lang='lat' dir='ltr'>moenia.</span> 
     </span>
     <span class='ocr_line' id='line_1_39' title="bbox 162 2141 1279 2187; baseline -0.008 -6"><span class='ocrx_word' id='word_1_250' title='bbox 162 2150 221 2182; x_wconf 85' lang='lat' dir='ltr'>4a.</span> <span class='ocrx_word' id='word_1_251' title='bbox 248 2147 378 2187; x_wconf 67' lang='lat' dir='ltr'>Mai-tyr</span> <span class='ocrx_word' id='word_1_252' title='bbox 401 2145 463 2178; x_wconf 85' lang='lat' dir='ltr'>Dei</span> <span class='ocrx_word' id='word_1_253' title='bbox 488 2144 635 2185; x_wconf 86' lang='lat' dir='ltr'>gentibus</span> <span class='ocrx_word' id='word_1_254' title='bbox 852 2143 913 2176; x_wconf 85' lang='lat' dir='ltr'>4b.</span> <span class='ocrx_word' id='word_1_255' title='bbox 938 2144 1001 2176; x_wconf 84' lang='lat' dir='ltr'>Pro</span> <span class='ocrx_word' id='word_1_256' title='bbox 1027 2142 1129 2174; x_wconf 86' lang='lat' dir='ltr'>salute</span> <span class='ocrx_word' id='word_1_257' title='bbox 1154 2141 1279 2181; x_wconf 79' lang='lat' dir='ltr'>patriae</span> 
     </span>
     <span class='ocr_line' id='line_1_40' title="bbox 247 2189 1264 2230; baseline -0.007 -3"><span class='ocrx_word' id='word_1_258' title='bbox 247 2194 397 2228; x_wconf 81' lang='lat' dir='ltr'>Occurrit</span> <span class='ocrx_word' id='word_1_259' title='bbox 421 2192 599 2225; x_wconf 89' lang='lat' dir='ltr'>furentibus</span> <span class='ocrx_word' id='word_1_260' title='bbox 935 2190 1117 2230; x_wconf 84' lang='lat' dir='ltr'>Majestatis</span> <span class='ocrx_word' id='word_1_261' title='bbox 1142 2189 1264 2229; x_wconf 84' lang='lat' dir='ltr'>gloriae</span> 
     </span>
     <span class='ocr_line' id='line_1_41' title="bbox 295 2236 1412 2283; baseline -0.006 -9"><span class='ocrx_word' id='word_1_262' title='bbox 295 2243 374 2276; x_wconf 86' lang='lat' dir='ltr'>Cum</span> <span class='ocrx_word' id='word_1_263' title='bbox 400 2249 550 2283; x_wconf 84' lang='lat' dir='ltr'>germana</span> <span class='ocrx_word' id='word_1_264' title='bbox 575 2240 709 2282; x_wconf 86' lang='lat' dir='ltr'>obviam,</span> <span class='ocrx_word' id='word_1_265' title='bbox 984 2237 1105 2278; x_wconf 85' lang='lat' dir='ltr'>Sponte</span> <span class='ocrx_word' id='word_1_266' title='bbox 1129 2245 1164 2268; x_wconf 88' lang='lat' dir='ltr'>se</span> <span class='ocrx_word' id='word_1_267' title='bbox 1189 2237 1244 2268; x_wconf 80' lang='lat' dir='ltr'>dat</span> <span class='ocrx_word' id='word_1_268' title='bbox 1266 2236 1412 2268; x_wconf 86' lang='lat' dir='ltr'>hostiam.</span> 
     </span>
     <span class='ocr_line' id='line_1_42' title="bbox 165 2294 1310 2338; baseline -0.009 -3"><span class='ocrx_word' id='word_1_269' title='bbox 165 2304 222 2335; x_wconf 83' lang='lat' dir='ltr'>5a.</span> <span class='ocrx_word' id='word_1_270' title='bbox 250 2300 344 2334; x_wconf 79' lang='lat' dir='ltr'>Ferit</span> <span class='ocrx_word' id='word_1_271' title='bbox 366 2299 467 2331; x_wconf 84' lang='lat' dir='ltr'>hostis</span> <span class='ocrx_word' id='word_1_272' title='bbox 492 2297 611 2338; x_wconf 84' lang='lat' dir='ltr'>gladio,</span> <span class='ocrx_word' id='word_1_273' title='bbox 855 2295 912 2329; x_wconf 85' lang='lat' dir='ltr'>5b.</span> <span class='ocrx_word' id='word_1_274' title='bbox 933 2295 1059 2335; x_wconf 84' lang='lat' dir='ltr'>Lingua</span> <span class='ocrx_word' id='word_1_275' title='bbox 1088 2302 1178 2326; x_wconf 81' lang='lat' dir='ltr'>caeso</span> <span class='ocrx_word' id='word_1_276' title='bbox 1206 2294 1310 2334; x_wconf 87' lang='lat' dir='ltr'>capite</span> 
     </span>
     <span class='ocr_line' id='line_1_43' title="bbox 247 2342 1371 2389; baseline -0.006 -9"><span class='ocrx_word' id='word_1_277' title='bbox 247 2349 345 2389; x_wconf 86' lang='lat' dir='ltr'>Quem</span> <span class='ocrx_word' id='word_1_278' title='bbox 371 2346 519 2379; x_wconf 88' lang='lat' dir='ltr'>coelestis</span> <span class='ocrx_word' id='word_1_279' title='bbox 543 2346 623 2377; x_wconf 91' lang='lat' dir='ltr'>ultio</span> <span class='ocrx_word' id='word_1_280' title='bbox 936 2343 1073 2375; x_wconf 87' lang='lat' dir='ltr'>Versum</span> <span class='ocrx_word' id='word_1_281' title='bbox 1098 2342 1244 2382; x_wconf 85' lang='lat' dir='ltr'>complet,</span> <span class='ocrx_word' id='word_1_282' title='bbox 1269 2342 1371 2374; x_wconf 89' lang='lat' dir='ltr'>milite</span> 
     </span>
    </p>
   </div>
   <div class='ocr_carea' id='block_1_8' title="bbox 293 2390 1257 2435">
    <p class='ocr_par' dir='ltr' id='par_1_8' title="bbox 293 2390 1257 2435">
     <span class='ocr_line' id='line_1_44' title="bbox 293 2390 1257 2435; baseline -0.007 -6"><span class='ocrx_word' id='word_1_283' title='bbox 293 2397 403 2430; x_wconf 84' lang='lat' dir='ltr'>Poena</span> <span class='ocrx_word' id='word_1_284' title='bbox 426 2395 520 2435; x_wconf 89' lang='lat' dir='ltr'>punit</span> <span class='ocrx_word' id='word_1_285' title='bbox 542 2393 661 2434; x_wconf 82' lang='lat' dir='ltr'>impia3</span> <span class='ocrx_word' id='word_1_286' title='bbox 983 2391 1089 2423; x_wconf 88' lang='lat' dir='ltr'>Potito</span> <span class='ocrx_word' id='word_1_287' title='bbox 1114 2390 1257 2423; x_wconf 86' lang='lat' dir='ltr'>victoria.</span> 
     </span>
    </p>
   </div>
  </div>
 </body>
</html>
