1653 2632
630 137 889 172 —205—

98 231 156 264 43..
184 231 409 277 Katharinam,
434 242 634 272 recusantem
788 243 848 277 4b.
873 244 967 284 Capit
989 245 1140 285 princeps
1166 249 1198 277 et
1221 245 1346 287 affligit,

230 280 389 315 immolari
415 285 465 318 dis
491 286 656 320 obscoenis
921 292 1075 324 inauditis
1103 296 1223 325 mactat
1247 294 1370 334 poenis.

99 336 155 368 5a.
183 335 278 369 Nunc
297 338 427 382 insanit,
453 352 539 375 nunc
554 343 730 386 blanditur,
791 347 849 380 5b.
869 347 914 379 Et
937 348 1089 380 virtutem
1113 358 1225 382 sacrae
1248 351 1374 391 mentiS,

182 382 253 416 Nec
277 386 325 418 sic
348 386 430 420 fides
454 389 601 423 irretitur
872 395 971 435 Quam
983 404 1047 428 non
1059 396 1159 428 vincit
1170 406 1227 429 rex
1240 398 1417 439 tormentis,

229 430 375 473 Virginis
398 437 547 478 egregiae
920 442 989 474 Nec
1013 442 1134 484 frangit
1155 444 1319 477 blanditie.

98 487 154 520 6a.
181 486 297 520 Uritur
319 491 471 532 princeps
495 493 626 527 insanus
793 498 850 531 6b.
873 498 957 530 Dum
983 500 1150 540 scripturis
1175 502 1353 541 explanatis

179 534 225 567 Et
249 538 399 570 accendit
421 540 514 572 labor
538 551 638 574 vanus
873 546 983 578 Vincit
1005 548 1095 588 virgo
1122 548 1217 581 docta
1240 550 1317 581 satis

229 582 336 624 Magis
363 586 431 625 ejus
457 586 568 629 furias,
921 593 1120 626 Rhethorum
1144 596 1312 630 versutias,

98 639 116 671 7
127 647 155 672 a.
182 638 286 672 Error
310 640 467 681 linquitur
492 644 646 685 detectus,
791 648 849 681 7b.
873 649 1096 683 Consummata
1120 653 1276 695 passione,

179 687 252 726 Igni
280 687 376 720 datur
400 699 479 730 grex
501 692 633 734 electus,
873 697 977 736 Caput
1002 706 1095 730 caesa
1118 700 1256 739 pugione

227 734 313 768 Rota
342 736 433 777 virgo
458 741 571 771 tenera
919 745 984 777 Pro
1011 746 1131 778 cruoris
1156 745 1287 779 floribus

228 781 303 814 Non
327 785 469 817 terretur
493 795 609 826 aspera
918 791 1041 824 Reddit
1064 793 1115 825 lac
1141 794 1334 826 vulneribus.

97 838 154 870 Sa.
180 839 302 871 Fusum
330 841 500 881 virginalia
788 846 847 880 8b.
869 848 975 881 Mixta
1004 858 1074 881 cum
1099 851 1245 890 martyrii

176 885 246 918 Lac
269 886 388 928 figurat
411 889 480 922 lilia
869 895 963 927 Rosis
984 896 1051 928 ictu
1075 897 1185 937 gladii.

96 942 150 975 92..
179 943 204 976 O
231 943 327 976 beata
351 946 543 987 Katharina‚
788 950 851 984 9b.
874 952 983 984 Precis
1008 956 1137 985 nostrae
1161 963 1282 987 memor
1307 958 1385 995 esto⁷

180 989 304 1030 Sponso
332 992 459 1026 Christo
481 995 546 1034 Jam
573 995 687 1035 vicina,
881 998 981 1031 Sacra
1004 1008 1099 1040 grege
1125 1009 1196 1032 curn
1220 1002 1353 1034 honesto

509 1052 565 1085 10.
592 1052 734 1092 Sequens
759 1054 833 1094 agni
857 1055 993 1096 vestigia

591 1099 630 1131 In
656 1100 786 1132 coelesti
811 1101 923 1141 gloria.

166 1161 252 1189 Miss.
278 1170 331 1189 ms.
357 1162 586 1197 Aquicinctense
610 1172 686 1192 saec.
710 1162 754 1192 12.
783 1165 852 1193 Cod.
879 1167 1027 1195 Duacens.
1057 1166 1102 1196 90.
1129 1170 1163 1197 A.
1193 1185 1230 1189 —
1250 1171 1333 1199 Miss.
1363 1181 1417 1200 ms.

94 1199 122 1227 S.
143 1200 273 1235 Remigii
294 1207 370 1227 saec.
395 1198 439 1228 13.
462 1200 531 1229 Cod.
552 1202 687 1230 Remens.
709 1201 764 1230 122
785 1204 850 1231 add.
871 1213 948 1232 saec.
972 1205 1015 1233 14.
1030 1207 1064 1234 B.
1077 1222 1117 1227 —
1131 1206 1215 1235 Miss.
1237 1217 1290 1236 ms.
1305 1210 1416 1238 Vedas-

95 1238 189 1265 tinum
219 1246 295 1265 saec.
326 1236 370 1265 14.
393 1235 462 1265 Cod.
482 1240 667 1273 Atrebatens.
695 1238 760 1269 882.
783 1241 813 1268 C.
831 1258 868 1262 —
887 1243 971 1271 Miss.
999 1253 1052 1271 ms.
1074 1244 1104 1273 S.
1123 1246 1251 1273 Amandi
1272 1255 1348 1274 saec.
1371 1246 1417 1276 14.

96 1275 165 1303 Cod.
185 1276 347 1304 Parisiens.
378 1274 461 1304 1101.
481 1277 518 1305 D.
539 1293 577 1297 —
597 1278 686 1306 Grad.
707 1288 760 1306 ms.
776 1280 1002 1309 Marchianense
1022 1290 1097 1310 saec.
1120 1281 1164 1310 14.
1181 1284 1251 1311 Cod.
1269 1285 1417 1313 Duacens.

96 1312 158 1342 114.
186 1314 223 1342 E.
249 1328 288 1332 —
312 1313 401 1342 Grad.
430 1323 483 1342 ms.
509 1315 739 1352 Aquicinctense
765 1326 842 1345 saec.
868 1316 943 1346 1⁵16.
972 1319 1041 1347 Cod.
1061 1321 1209 1348 Duacens.
1239 1320 1302 1349 124.
1322 1324 1355 1350 F.
1380 1338 1416 1343 —

95 1349 153 1388 2a,
176 1351 190 1380 1
211 1352 314 1380 Induit
334 1351 364 1379 C.
385 1368 423 1372 —
443 1351 500 1387 3a,
522 1351 540 1380 2
567 1362 610 1389 sq.
638 1355 817 1390 triumphum
836 1358 962 1391 tyranno
985 1357 1015 1384 C.
1036 1372 1075 1376 —
1095 1356 1154 1393 313,
1176 1357 1194 1386 2
1215 1368 1323 1395 sponso
1344 1362 1419 1389 fehlt

96 1390 127 1417 C.
154 1406 186 1410 ——
217 1389 273 1425 4b,
303 1388 316 1417 1
345 1391 427 1426 capit
452 1399 504 1418 rex
531 1394 561 1419 et
586 1392 620 1419 B.
646 1407 685 1412 —
711 1392 769 1428 5b,
794 1392 808 1421 1
836 1394 879 1422 Ut
904 1396 1047 1423 virtutum
1068 1397 1101 1424 B.
1124 1412 1163 1416 —
1182 1398 1251 1425 Mel.
1273 1409 1312 1420 ἐ
1332 1399 1418 1427 Stola

91 1427 287 1462 jucunditatis
309 1427 409 1463 (Mone
427 1429 482 1463 ΙΙΙ,
503 1427 579 1464 390).

514 1521 580 1552 274.
620 1522 665 1553 De
684 1524 791 1554 sancto
812 1523 990 1556 Lamberto.

96 1591 151 1624 la.
179 1591 299 1625 Christi
323 1591 453 1624 laudem
477 1593 709 1637 praedicemus,
786 1594 842 1627 1b.
866 1595 962 1628 Felix
986 1605 1111 1637 nomen,
1136 1595 1215 1629 felix
1239 1606 1341 1638 omen,

178 1638 299 1671 Christi
324 1639 453 1679 quidem
478 1640 532 1680 qui
549 1641 724 1681 gaudemus
866 1643 922 1675 Illi
947 1643 1044 1683 cedit,
1070 1644 1124 1683 qui
1149 1653 1184 1676 se
1208 1645 1313 1677 credit

223 1687 384 1727 Insignire
408 1687 551 1728 nomine3
913 1690 1053 1730 Dignum
1078 1691 1139 1723 hoc
1165 1693 1361 1732 cognomine.

95 1744 151 1778 2a.
177 1743 249 1775 Hoc
273 1743 465 1776 Lambertus
487 1746 668 1777 consecrari
784 1746 843 1779 2b.
867 1746 987 1779 Christi
1009 1748 1086 1787 jugo
1111 1756 1146 1779 se
1170 1748 1318 1788 subjecit,

175 1791 220 1823 Et
243 1800 279 1823 se
304 1791 437 1823 studens
464 1791 611 1824 decorari
868 1794 984 1826 Mundi
1009 1793 1129 1826 fastum
1153 1804 1171 1827 a
1196 1804 1231 1827 se
1252 1797 1333 1836 jecit

226 1838 292 1871 Sub
318 1839 410 1871 annis
435 1838 602 1879 infantiae,
914 1841 1016 1874 Donis
1039 1843 1163 1882 pollens
1188 1844 1321 1883 gratiae.

95 1898 151 1931 3a.
177 1896 276 1937 Signa
300 1896 409 1928 multis
436 1896 515 1929 dans
540 1896 705 1937 profectus
784 1897 843 1932 3b.
865 1898 929 1930 Hic
952 1898 986 1930 in
1011 1902 1122 1931 sancta
1146 1899 1339 1932 sublimatur

224 1944 333 1977 Arbor
357 1944 422 1977 ista
446 1944 614 1986 germinat,
915 1945 998 1978 Sede
1026 1946 1279 1986 Trajectensium

181 1991 278 2032 Cujus
303 1992 385 2024 odor
408 1992 504 2033 longe
527 1996 637 2025 vectus
866 1993 912 2025 Et
935 1996 1078 2033 optatum
1102 1995 1198 2034 plene
1224 1995 1320 2027 datur

224 2040 349 2072 Mundo
374 2048 410 2071 se
434 2040 645 2074 discriminat.
916 2041 1038 2081 Populo
1062 2042 1270 2081 praesidium.

93 2098 149 2130 4a.
177 2097 273 2130 Hunc
297 2107 317 2129 a
341 2097 419 2129 sede
445 2098 623 2130 cathedrali
785 2097 843 2130 4b.
866 2097 1097 2130 Monachorum
1122 2099 1209 2131 subit
1232 2100 1345 2132 aedem

224 2145 323 2177 Pellit
348 2144 449 2176 hostis
473 2145 612 2188 invidus,
915 2146 1049 2178 Praesul
1072 2146 1141 2178 Deo
1168 2147 1305 2189 deditus,

178 2193 284 2225 Valde
308 2191 459 2232 fremens,
487 2193 572 2232 quod
597 2202 617 2225 a
642 2194 699 2225 tali
867 2192 945 2225 Post
968 2193 1002 2225 in
1024 2193 1160 2233 primam
1182 2195 1269 2227 redit
1293 2196 1403 2229 sedem

225 2240 339 2273 Salvus
364 2239 422 2272 fiat
446 2240 625 2280 languidus.
916 2240 979 2273 Suo
1004 2240 1070 2280 juri
1093 2242 1250 2275 redditus.

93 2301 150 2334 5a.
179 2298 244 2332 Sed
270 2295 437 2329 confracta
462 2296 537 2328 dum
563 2297 685 2330 relocat
789 2296 847 2330 5b.
869 2296 979 2329 Scelus
1004 2297 1115 2338 ingens
1140 2302 1173 2330 et
1196 2308 1324 2333 enorme

172 2347 220 2380 Et
246 2346 394 2386 dispersa
420 2344 495 2377 dum
521 2348 652 2377 revocat
870 2345 961 2377 Vidit
985 2345 1117 2378 adstans
1141 2347 1261 2381 Christi
1284 2358 1415 2383 normae

222 2394 278 2427 Ad
304 2393 389 2425 ovile
413 2392 554 2433 Domini,
917 2392 963 2425 Et
988 2394 1113 2426 excelso
1138 2396 1267 2430 nomini.
