1653 2632
692 112 951 147 —166—

176 204 232 237 2a.
259 202 306 235 Ut
329 203 441 236 laudes
866 208 924 240 2b.
949 208 1007 241 Cui
1032 207 1139 238 nullus

260 249 369 281 demus
396 251 455 283 tibi
482 252 605 295 dignas,
949 254 1073 294 dignior
1098 256 1146 285 est
1169 255 1276 295 laude,

257 306 276 328 0
303 296 431 339 Georgi,
946 310 964 332 0
991 300 1119 340 Georgi,

175 354 233 387 3a.
260 353 308 385 Tu
330 354 447 386 multos
473 356 585 398 vincis,
864 357 923 390 eb.
946 357 995 388 Tu
1019 364 1127 396 regem
1151 357 1252 389 vincis

258 409 276 432 o
299 399 427 441 Georgi.
946 412 965 435 o
991 402 1119 443 Georgi.

173 459 231 491 4a.
257 456 306 488 Tu
331 456 507 489 Dacianum
533 457 693 490 fervidum
863 459 924 492 4b.
947 459 997 491 Tu
1022 459 1220 493 Christianos
1245 461 1400 501 plurimos

257 502 440 545 confudisti,
947 507 1142 547 convertisti,

256 558 275 581 0
302 549 419 590 Georgi
946 562 965 586 o
991 552 1119 594 Georgi,

174 607 230 640 5a,
258 605 365 638 Vidua
863 609 922 642 5b.
944 609 1088 649 Angelus

254 660 371 693 panem
393 653 453 685 tibi
480 654 600 686 donare
945 659 979 688 te
1005 665 1073 688 cum
1102 658 1232 689 coelesti
1258 659 1328 692 cibo

256 699 436 740 denegavit,
464 710 482 733 ο
501 700 629 742 Georgi.
946 704 1085 745 satiavit,
1111 714 1129 737 o
1153 704 1280 746 Georgi.

174 758 230 789 6a.
258 755 383 788 Viduae
409 755 509 789 filium
862 760 925 794 6b.
951 761 1046 793 Idola
1072 762 1212 801 plurima

255 805 291 834 tu
313 803 456 845 salvasti,
949 808 1147 849 destruxisti,

256 858 274 881 0
301 848 428 891 Georgi.
946 864 964 887 0
989 854 1116 896 Georgi.

174 908 231 940 7a.
257 906 456 939 Daemonem
862 911 920 944 7b.
942 912 1098 952 Reginam

255 954 290 985 in
314 954 464 994 abyssum
491 957 681 997 demersisti,
943 959 1198 992 Alexandrinam
1224 963 1356 995 credere

255 1009 273 1032 o
299 1000 428 1040 Georgi.
944 1009 978 1038 tu
1003 1005 1119 1041 fecisti.

171 1059 229 1091 8a.
255 1057 428 1091 Tormenta
862 1062 919 1096 8b.
943 1063 993 1095 Tu
1016 1064 1118 1096 minas

254 1106 361 1137 omnia
385 1107 536 1147 sprevisti
944 1110 1025 1142 nihil
1049 1112 1184 1144 timuisti

252 1161 271 1184 0
298 1152 425 1194 Georgi.
943 1167 961 1190 o
988 1157 1115 1200 Georgi.

171 1210 229 1243 9a.
254 1208 322 1241 Nos
342 1210 430 1251 juva,
860 1215 919 1249 9b.
942 1214 1010 1247 Nos
1036 1215 1135 1257 salva,

248 1260 374 1297 martyr
397 1258 524 1300 Georgi.
941 1265 1052 1295 sancte
1075 1263 1203 1305 Georgi.

243 1342 327 1370 Miss.
348 1350 402 1370 ms.
422 1343 595 1372 Andeeense
615 1354 691 1373 saec.
716 1344 761 1373 15.
786 1346 857 1374 Clm.
878 1347 1047 1376 Monacens.
1070 1346 1183 1377 24002.
1203 1349 1238 1377 A.
1258 1365 1294 1369 —
1313 1351 1397 1379 Miss.
1416 1352 1487 1380 Pra-

167 1388 258 1416 gense
278 1388 354 1408 saec.
377 1378 422 1408 15.
447 1380 516 1409 Cod.
533 1382 629 1418 Capit.
644 1383 786 1420 Pragens.
806 1385 831 1412 P
853 1383 878 1413 1.
898 1385 932 1413 Β.
947 1400 984 1405 —
998 1387 1082 1415 Miss.
1103 1396 1156 1414 ms.
1176 1388 1325 1424 Pragense
1344 1390 1403 1417 XII
1427 1390 1449 1418 O
1468 1388 1487 1418 5

166 1419 236 1445 anni
260 1416 343 1446 1482.
367 1418 397 1446 C.
412 1436 450 1439 —
463 1419 548 1447 Miss-
570 1429 623 1448 ms.
644 1422 884 1451 Tiechobucense
903 1432 979 1452 saec.
1002 1423 1047 1453 15.
1069 1425 1140 1453 Cod.
1164 1427 1302 1463 Pragens.
1317 1427 1425 1455 XIVB
1441 1426 1484 1455 17.

165 1457 203 1484 D.
224 1473 257 1477 —
281 1457 365 1485 Miss.
386 1458 551 1486 Hafniense
575 1460 644 1496 imp.
665 1460 796 1489 Hafniae
822 1459 906 1490 1510.
926 1462 962 1490 E.
985 1477 1023 1482 —
1044 1462 1076 1498 1,
1097 1462 1115 1490 2
1139 1467 1252 1493 sacrate
1272 1465 1381 1502 Georgi
1397 1466 1429 1494 C.
1448 1482 1485 1486 -

166 1491 219 1529 3a,
242 1492 257 1521 1
279 1495 338 1522 Tui
357 1495 458 1523 nullus
478 1496 520 1532 D;
548 1498 600 1533 qui
619 1498 719 1526 nullus
741 1498 772 1526 Ο.
797 1514 829 1518 -
851 1497 903 1533 3a,
928 1499 943 1528 1
965 1510 1008 1538 sq.
1027 1501 1101 1529 fehlt
1119 1502 1184 1530 BC:
1211 1503 1318 1531 multos
1340 1505 1485 1532 convertis

164 1532 208 1568 A3
228 1533 274 1561 Tu
296 1533 403 1561 iotrem
423 1531 492 1570 [sic]
512 1535 608 1562 vincis
629 1536 664 1564 D.
679 1551 717 1555 —
730 1534 784 1572 3b,
807 1536 821 1565 1
846 1546 889 1574 sq.
910 1538 983 1566 fehlt
1001 1540 1039 1567 D.
1059 1554 1098 1558 -—
1111 1539 1163 1576 4a.,
1186 1539 1201 1568 1
1223 1550 1286 1578 sqq.
1306 1542 1381 1569 fehlt
1398 1543 1435 1570 D.
1449 1557 1486 1561 —

163 1568 218 1605 41),
241 1569 259 1597 2
280 1573 428 1599 convertis
447 1572 535 1600 BCD.
583 1589 594 1593 ⁷-
608 1572 657 1608 5a,
679 1572 697 1601 2
718 1574 828 1603 donare
848 1576 922 1604 fehlt
939 1578 982 1613 D3
1003 1577 1073 1606 dare
1093 1578 1153 1607 AB.
1168 1594 1205 1598 —
1219 1578 1271 1613 5b,
1295 1579 1309 1607 1
1331 1587 1394 1617 sqq.
1414 1580 1486 1608 fehlt

164 1607 225 1637 AB.
244 1624 283 1628 —
303 1608 353 1645 Ga,
376 1609 389 1638 1
416 1618 480 1646 sqq.
505 1611 579 1638 fehlt
598 1612 631 1639 B.
656 1628 693 1631 —
714 1612 771 1641 Str.
792 1612 835 1642 82.
854 1615 914 1642 und
934 1613 978 1643 81³
999 1616 1097 1644 fehlen
1117 1617 1205 1646 BCD.

614 1741 680 1773 222.
721 1743 765 1774 De
784 1745 890 1776 sancto
912 1745 1054 1786 Georgio.

167 1821 223 1853 la.
252 1819 362 1852 Omnis
387 1822 475 1853 terra
499 1821 618 1860 psallat
643 1822 712 1855 Deo
857 1824 917 1858 1b.
940 1825 1000 1864 Qui
1027 1826 1151 1859 devicto
1173 1827 1242 1867 jam
1266 1830 1387 1861 tortore

248 1867 312 1899 Pro
337 1869 404 1899 tam
428 1867 529 1900 nobili
555 1870 709 1909 trophaeo
938 1872 1059 1915 Regem
1085 1874 1187 1906 cernit
1208 1876 1241 1907 in
1268 1875 1392 1917 decore,

293 1914 451 1955 Martyris
482 1915 623 1959 Georgii,
983 1920 1118 1953 Fontem
1144 1922 1245 1954 omnis
1269 1924 1388 1963 gaudii.

163 1972 221 2006 22.
247 1971 344 2004 Miles
368 1971 482 2013 bonus,
507 1973 598 2013 pugil
622 1972 726 2015 fortis,
855 1976 915 2009 ab.
937 1976 1027 2008 Intus
1051 1980 1130 2017 erat,
1156 1978 1210 2018 qui
1233 1980 1397 2020 pugnavit,

246 2019 337 2051 Inter
360 2019 450 2051 mille
473 2029 593 2059 poenas
618 2022 730 2053 mortis
936 2024 1037 2064 Intus,
1064 2025 1118 2064 qui
1143 2025 1190 2056 sie
1214 2025 1433 2069 triumphavit,

292 2066 474 2098 Permansit
497 2067 689 2108 intrepidus,
982 2072 1084 2102 Amor
1106 2071 1169 2103 Dei
1192 2071 1328 2103 validus.

162 2122 219 2154 3a.
245 2122 341 2155 Foris
366 2126 487 2163 angunt
511 2126 560 2155 tot
583 2126 750 2165 tormenta,
853 2126 912 2161 312.
935 2125 1065 2158 Nullam
1090 2127 1191 2159 sensit
1213 2127 1394 2169 laesionem,

245 2169 310 2201 Sed
336 2170 368 2202 in
396 2170 518 2202 coelum
543 2179 632 2203 mens
656 2172 780 2204 intenta
933 2175 1024 2206 Intus
1049 2174 1169 2206 habens
1193 2175 1373 2206 unctionem

293 2216 466 2250 Bellatoris
490 2218 595 2249 incliti
980 2220 1118 2261 Spiritus
1145 2221 1303 2261 paracliti.

159 2274 218 2305 42.
244 2273 285 2305 In
310 2274 442 2313 equuleo
466 2274 602 2314 levatur,
849 2276 910 2310 4b.
933 2276 997 2309 Sed
1023 2286 1135 2309 cruore
1159 2286 1215 2309 suo
1238 2277 1321 2311 lotus

242 2318 355 2358 Ferro,
382 2319 510 2353 flamma
535 2321 704 2361 cruciatur,
931 2323 1036 2356 Intrat
1058 2327 1180 2365 martyr
1203 2325 1340 2358 mundus
1366 2330 1452 2361 totus

292 2366 470 2400 Laceratur
493 2368 620 2412 ungula,
977 2370 1064 2404 Coeli
1086 2371 1301 2405 tabernacula.
