1653 2632
693 113 923 148 -92-

182 214 238 246 6a.
264 212 367 244 Miser
390 213 515 252 Agnam
539 214 670 250 tangere

262 261 348 293 Dum
374 260 452 298 vult,
478 258 590 290 mortis
616 256 751 289 verbere

312 308 405 340 Juste
429 305 618 346 flagellatur,

183 366 240 397 7a.
266 365 365 397 Pater
388 366 462 395 nato
488 362 639 394 suscitato

264 411 360 443 Redit
386 419 445 449 pro
471 418 505 441 se
532 409 674 449 delegato

310 458 388 489 Viro
413 455 652 497 nefandissimo,

181 516 238 548 Sa.
264 515 390 553 Aquam
414 512 549 552 praebet
572 511 621 543 vis
646 509 762 542 amoris

260 559 504 599 Exstinguentis
528 558 617 590 stilla
638 558 720 589 roris

308 608 488 640 Fornacem
513 605 722 647 tyrannicam,

179 666 237 697 9a.
262 663 390 696 Laudes
414 663 527 702 Agnae
552 662 711 702 gratiosae

261 712 472 743 Personemus
497 708 649 749 gaudiose

311 759 398 790 Voce
422 757 527 797 plena.

159 816 236 848 10a.
264 814 347 846 Nam
371 818 409 846 ut,
432 823 531 853 agnus
554 813 709 853 jugulata.

259 863 351 902 Agno
379 861 473 901 digne
498 860 647 900 copulata

306 908 448 949 Sponsae
470 906 572 949 fulget
595 907 715 948 gloria;

865 209 924 242 6b.
948 208 1012 240 Sed
1036 207 1162 239 indulto
1189 207 1309 238 scelere

947 253 1081 288 Confert
1100 254 1129 285 ei
1153 254 1272 292 vivere,

994 302 1058 334 Pro
1084 310 1145 340 quo
1169 301 1365 333 molestatur.

867 358 926 392 7b.
952 358 1057 390 Corde
1077 357 1180 397 judex
1204 357 1356 389 effrenato

949 405 1047 439 Jubet
1070 406 1195 444 Agna-m
1221 403 1372 436 festinato

993 452 1079 484 Foco
1107 452 1178 484 dari
1199 451 1347 483 maximo.

864 508 923 543 81).
946 509 1044 549 Virgo
1068 509 1187 540 nullius
1212 508 1338 540 ardoris

948 558 1066 589 Actum
1090 556 1188 587 sentit
1213 564 1273 587 nec
1297 554 1434 587 fervoris

993 604 1153 635 Virtutem
1178 603 1231 635 vel
1255 603 1425 634 modicam.

863 660 921 695 91).
942 662 974 692 A
999 670 1062 701 qua
1085 659 1188 692 fertur
1212 660 1371 700 gloriosae

944 707 1045 740 Simul
1071 711 1102 739 et
1128 707 1298 739 victoriose

991 756 1109 787 'Mortis
1135 764 1246 795 poena.

838 811 921 844 iob.
942 812 1054 844 Dulcis
1078 813 1197 851 Agnes.
1224 812 1380 843 advocata

944 859 1063 891 Nostra
1088 859 1142 898 sis,
1168 862 1204 889 ut
1229 859 1271 890 ad
1294 862 1403 898 parata

992 906 1209 937 Perducamur
1233 905 1358 946 gaudia.

229 974 258 1001 0·
272 973 298 1000 ‹1.
319 974 508 1001 Mellieensis.
529 971 585 1000 932
606 980 682 1000 saec.
703 970 749 999 15.
769 987 809 991 —
827 971 897 998 Mel.
908 970 1080 1006 jedenfalls:
1101 970 1137 997 In
1153 970 1273 997 coelesti
1286 970 1463 997 hierarchia.

594 1062 649 1094 113.
690 1063 733 1094 De
754 1064 864 1094 sancta
882 1064 1017 1103 Agnete.

155 1135 172 1167 1
187 1144 215 1168 a.
242 1134 416 1167 Harmonia
443 1134 528 1166 dulci
552 1136 672 1173 pangat

241 1181 375 1214 Carmen
383 1181 489 1213 laudis
501 1180 594 1221 plebs
608 1183 638 1211 et
652 1181 779 1220 clangat

283 1229 355 1261 Vox
379 1229 412 1259 in
439 1228 544 1260 cordis
567 1228 680 1267 jubilo,

153 1288 209 1318 2a.
239 1285 383 1318 Creatori
405 1285 549 1316 increato

237 1333 338 1371 Patri,
367 1335 534 1364 coaeterno
559 1335 644 1374 nato,

286 1380 451 1413 Pneumati
475 1379 643 1419 paraclito,

157 1439 213 1471 3a.
239 1437 362 1469 Plaude
388 1445 462 1476 ergo
487 1436 612 1468 laetitia

235 1486 436 1524 Posttergata
465 1484 632 1523 moestitia,

282 1532 426 1563 Militans
453 1531 596 1571 ecelesia,

152 1591 209 1623 4a.
237 1589 325 1621 Tuae
350 1597 485 1628 namque
509 1588 694 1628 propaginis

235 1637 285 1668 Ac
307 1636 471 1668 Romanae
493 1635 623 1676 originis

282 1684 369 1716 Filia
393 1683 613 1715 subarrhatur.

154 1743 210 1775 5a.
237 1741 343 1782 Agnes
369 1739 466 1772 fidem
490 1740 646 1771 illibatam

235 1788 373 1820 Servans
397 1796 494 1828 seque
519 1787 708 1819 coelibatam

283 1883 383 1916 Offert
406 1883 440 1914 in
466 1882 676 1923 amplexibuS,

153 1941 211 1973 6a.
237 1940 321 1972 Nam
349 1940 423 1972 dum
446 1938 525 1971 flore
546 1940 723 1979 juventutis

235 1987 367 2019 Scholas
392 1986 575 2027 frequentat
598 1987 739 2027 virtutis,

282 2034 328 2067 Ut
351 2034 486 2066 electum
509 2034 614 2066 lilium

155 2093 211 2124 7a.
237 2091 337 2124 Urbis
359 2091 481 2123 Romae
504 2089 716 2122 inflammaret

235 2139 316 2178 Ejus
342 2139 448 2181 decor,
473 2140 511 2169 ut
534 2140 661 2177 optaret

281 2185 363 2217 Eam
387 2186 420 2218 in
447 2185 636 2225 conjugium.

154 2244 211 2276 Sa.
235 2244 327 2275 Haec
374 2245 411 2274 ut
460 2251 591 2275 caenum
641 2245 755 2274 cuncta

551 2289 683 2329 spernit,

233 2336 469 2376 Desponsatam
493 2345 528 2367 se
554 2336 706 2368 discernit

283 2383 410 2417 Christo
435 2392 519 2414 nunc
544 2382 691 2418 feliciter,

837 1133 896 1167 lb.
923 1133 1115 1165 Catervatim
1142 1131 1367 1172 hymnizando,

923 1180 1081 1212 Sonorose
1105 1178 1326 1219 concrepando

968 1228 1160 1268 Propulsato
1185 1227 1289 1258 sibilo.

836 1284 896 1318 ab.
917 1285 978 1325 Qui
1002 1285 1036 1316 in
1061 1284 1180 1316 sanctis
1205 1284 1372 1324 gloriosus,

919 1332 1093 1372 Majestate
1115 1332 1276 1364 virtuosus

971 1379 1079 1412 Claret
1104 1382 1177 1411 actu
1201 1379 1321 1411 inclito.

836 1436 894 1470 3b.
922 1437 1061 1476 Nuptiae
1085 1438 1240 1469 venerunt
1266 1435 1349 1475 agni,

919 1484 998 1516 Tam
1023 1483 1184 1524 praeclari
1208 1483 1293 1523 regis
1317 1483 1435 1522 magni.

967 1532 1060 1564 Omni
1086 1540 1155 1563 cum
1182 1529 1311 1562 facesia.

837 1588 898 1621 412.
921 1589 1030 1629 Agnes
1053 1588 1170 1620 amoris
1196 1586 1326 1619 foedere

919 1637 1023 1677 Agno,
1048 1636 1103 1676 qui
1125 1638 1239 1676 regnat
1263 1635 1391 1666 aethere

967 1684 1011 1716 Et
1035 1683 1122 1715 Deus
1148 1684 1312 1715 adoratur.

838 1740 897 1773 51).
921 1741 960 1772 In
984 1749 1093 1772 amore
1117 1740 1237 1773 Christi
1260 1738 1398 1771 fervens.

921 1787 1068 1820 Cosmum
1098 1788 1314 1820 blandientem
1348 1795 1437 1827 sper-

1239 1844 1318 1867 nens

970 1882 1047 1915 Cum
1073 1883 1135 1914 sibi
1161 1882 1348 1915 annexibus.

840 1940 899 1973 6b.
919 1939 1011 1971 Nitet
1036 1949 1159 1972 morum
1182 1940 1359 1977 honestate,

921 1987 1038 2027 Fulget
1062 1988 1168 2019 vultus
1193 1990 1372 2029 venustate,

966 2034 1057 2072 Quod
1081 2033 1239 2074 praefecti
1267 2034 1367 2068 filium

838 2091 897 2124 7b.
921 2093 1054 2132 Aurum,
1080 2100 1231 2132 gemmas,
1248 2092 1441 2132 margaritas

921 2138 1030 2178 Offert,
1057 2140 1195 2179 spondet
1217 2139 1359 2172 infinitas

967 2186 1032 2218 Res
1057 2187 1091 2217 in
1116 2187 1304 2221 dotalitium.

838 2243 897 2276 8b.
921 2244 951 2274 A
977 2253 1037 2283 quo
1062 2244 1161 2275 nullis
1187 2244 1417 2278 blandimentis

917 2337 1091 2369 Emollitur
1115 2346 1176 2369 nec
1199 2340 1367 2371 tormentis

958 2385 1063 2416 lllatis
1089 2383 1250 2417 ferociter.
