1653 2632
673 126 933 162 —249—

567 237 632 269 338.
672 237 715 270 De
736 240 842 271 sancto
864 240 1032 271 Stanislao.

144 321 205 354 1a.
231 321 333 355 Laeta
358 325 505 365 mundus,

230 369 388 404 Exultans
410 376 443 404 te
467 374 563 406 laude
586 375 706 410 landet,

278 418 446 452 Stanislae.

148 473 205 506 2¹12.
232 474 394 508 Virtutum
417 477 555 518 insignia

230 521 371 563 Fulgens
397 527 427 556 et
452 526 613 566 prosapia,

274 569 443 611 Stanislae‚

144 626 201 660 3a.
227 626 368 659 Boleslai
392 637 508 668 aspera

226 674 323 714 Regis
351 675 481 708 damnas
506 685 614 717 opera²

278 721 445 762 Stanislae‚

141 779 199 811 4a.
226 778 313 810 Hinc
336 778 439 811 fervet
462 782 538 812 trux
562 782 645 824 odio,

225 826 307 857 Inde
330 827 470 858 stridens
496 828 613 869 gladio,

277 873 445 916 Stanislae,

141 931 201 963 521.
226 930 368 962 Alitibus
395 933 427 962 et
451 930 527 963 feris

224 977 380 1009 Membris
404 979 524 1018 sparsis
549 980 673 1019 superis

225 1025 352 1065 Aquilis
377 1026 564 1070 protegeris,

275 1072 442 1112 Stanislae,

142 1130 199 1161 6a.
228 1128 288 1167 Qui
312 1130 469 1162 scandens
494 1130 634 1170 aethera,

223 1176 364 1217 Fulgens
388 1177 553 1209 innumera

221 1223 311 1256 Luce
334 1225 470 1268 virtutis,

277 1271 445 1312 Stanislae‚

835 329 893 363 ib.
917 330 976 369 Qui
997 330 1156 369 ,iucundus

916 376 1066 417 Fulgenti
1090 377 1150 409 tibi
1179 378 1364 418 congaudet,

965 424 1132 456 Stanislae.

833 481 892 513 2b.
917 482 1077 513 Praesulis
1102 480 1231 522 fastigia

916 528 1050 560 Scandis
1074 529 1115 561 ad
1140 529 1295 567 sublimia,

964 576 1129 608 Stanislae.

833 631 891 665 3b.
913 631 1011 670 Quem
1028 632 1180 672 profanas
1206 633 1300 665 effera

912 677 1086 711 Profanum
1111 680 1150 711 ob
1176 681 1307 718 scelera,

963 726 1129 759 Stanislae.

834 783 894 816 4b.
917 783 1012 815 Cadis
1038 792 1147 815 caesus
1170 784 1267 823 impio

912 831 1027 862 Almae
1050 831 1161 862 matris
1187 832 1315 871 gremio,

962 878 1128 910 Stanislae.

833 933 890 966 512.
914 934 1002 965 Luce
1026 933 1128 966 fretus
1153 934 1290 966 aetheris

912 982 1040 1022 Integer
1064 981 1229 1021 redigeris,

911 1028 996 1060 Dum
1019 1029 1053 1060 in
1076 1029 1186 1060 tumba
1212 1029 1366 1068 conderis,

959 1075 1125 1108 Stanislae.

830 1131 888 1165 6b.
909 1132 1088 1164 Perlustres
1111 1141 1168 1163 nos
1193 1140 1269 1164 vera

911 1179 1008 1221 Luce,
1036 1179 1092 1210 des
1115 1188 1271 1219 prospera

910 1226 1058 1266 Quaeque
1082 1227 1203 1265 salutis,

957 1273 1124 1307 Stanislae.

212 1365 296 1392 Miss.
316 1374 369 1392 ms.
392 1365 421 1393 S.
441 1365 574 1393 Floriani
594 1367 645 1394 XI.
668 1363 724 1394 389
746 1374 821 1393 saec.
844 1364 888 1393 14.
909 1366 943 1393 A.
965 1383 1002 1386 —
1014 1367 1097 1394 Miss.
1112 1375 1164 1394 ms.
1179 1366 1313 1394 Floriani
1326 1367 1379 1394 XI.
1395 1363 1449 1394 391

141 1410 217 1430 saec.
241 1402 284 1430 14.
306 1404 338 1431 B.

415 1403 499 1431 Miss.
520 1413 573 1431 ms.
595 1406 624 1432 S.
645 1404 777 1432 Floriani
797 1404 849 1431 XI.
870 1402 926 1432 393
951 1413 1027 1432 saec.
1057 1403 1100 1431 14.
1123 1404 1153 1431 O.
1174 1419 1212 1423 —
1230 1404 1315 1432 Miss.
1346 1413 1398 1432 ms.
1422 1403 1451 1431 S.

135 1441 270 1468 Floriani
289 1441 333 1469 XI
353 1438 408 1468 395
430 1449 505 1469 πιθα.
528 1441 571 1469 14.
593 1442 629 1469 D.
650 1458 687 1462 —
713 1442 782 1469 Mel.
809 1442 1022 1470 selbstredend:
1048 1442 1267 1470 Laetabundus.
1294 1458 1331 1462 —-
1353 1441 1404 1475 511,
1434 1440 1452 1469 2

139 1479 282 1507 Membris
303 1487 422 1515 sparsus
443 1479 504 1506 AB.

561 1598 628 1630 339.
669 1599 712 1630 De
732 1600 838 1632 sancto
859 1600 1026 1632 Stanislac.

162 1688 218 1722 la.
245 1689 323 1721 Jesu
349 1688 483 1730 Christe,
510 1697 568 1721 rex
593 1697 739 1729 superne,

242 1735 310 1767 Deo
335 1735 421 1774 patri
444 1738 619 1775 coaeterne,

290 1782 364 1814 Tibi
389 1783 459 1814 laus
486 1785 518 1814 et
542 1783 653 1823 gloria,

158 1841 214 1872 2a.
243 1839 301 1871 Vir
326 1841 431 1871 aetate
451 1839 519 1879 jam
542 1842 695 1877 maturus,

243 1886 298 1919 Sui
324 1887 428 1928 gregis
454 1886 547 1918 fortis
572 1896 681 1918 murus

288 1936 327 1968 Iu
352 1935 481 1966 incursu
505 1935 652 1977 hostium,

159 1992 214 2024 Sa.
244 1990 390 2023 Clamans
418 1991 512 2023 docet
536 1991 732 2024 obsecrando

237 2038 283 2071 Et
306 2039 468 2071 interdum
493 2039 690 2080 objurgando

290 2086 504 2119 Christianum
528 2088 691 2128 populum,

155 2146 213 2178 4a.
241 2144 418 2187 BoIeslaus,
444 2153 503 2177 rex
526 2145 690 2185 scelestus,

239 2193 363 2225 Furens
389 2191 508 2233 fremit,
533 2192 571 2225 fit
592 2191 727 2224 infestus

285 2241 428 2281 Argutus
452 2249 512 2280 pro
537 2240 625 2281 vitio,

150 2301 211 2332 5a.
238 2299 301 2331 Pro
327 2301 420 2331 reatu
443 2298 526 2330 labis
551 2307 687 2338 nequam

239 2347 278 2379 In
296 2349 467 2387 tyrannum
484 2347 614 2387 praesul
631 2355 763 2387 aequam

285 2394 406 2436 Dirigit
431 2395 631 2436 sententiam,

847 1691 904 1724 lb.
929 1690 1024 1730 Cujus
1051 1699 1111 1730 ope
1135 1693 1259 1730 martyr
1285 1691 1423 1722 clemens

928 1738 1105 1769 Stanislaus
1130 1738 1253 1768 hostem
1277 1746 1427 1777 premens

977 1784 1169 1824 Triumphat
1192 1785 1336 1816 victoria.

847 1842 907 1876 2b.
929 1842 1051 1874 Poenas
1076 1841 1187 1873 mortis
1211 1841 1426 1881 parvipendit,

929 1890 1084 1929 Sponsam
1093 1889 1211 1921 Christi
1222 1889 1295 1921 dum
1307 1887 1452 1921 defendit

976 1938 1141 1979 Ingressus
1165 1945 1225 1977 per
1252 1937 1377 1969 ostium.

848 1994 906 2027 3b.
928 1994 974 2027 Ut
998 1994 1132 2026 virtutes
1156 1994 1330 2034 imitentur,

928 2041 958 2073 A
985 2042 1110 2074 delictis
1136 2042 1346 2073 emundentur

975 2089 1137 2122 Mundans
1164 2089 1268 2121 cordis
1294 2090 1429 2125 oculum,

846 2148 867 2179 4
876 2146 906 2178 b.
932 2146 1212 2187 Quantumcunque
1224 2149 1298 2178 trux
1310 2148 1447 2179 minetur

927 2194 1003 2226 Tiro
1027 2194 1090 2226 Dei
1112 2203 1173 2226 nec
1196 2197 1336 2227 terretur

973 2242 1073 2274 Minis
1097 2251 1158 2274 nec
1182 2243 1349 2283 supplicio.

846 2299 904 2333 5b.
928 2299 1044 2332 Tortor
1068 2302 1179 2340 raptus
1204 2300 1237 2332 in
1262 2299 1401 2335 furorem

930 2348 1025 2381 Suam
1048 2348 1129 2388 juris
1154 2348 1187 2380 in
1213 2349 1363 2381 cultorem

977 2395 1117 2428 Exercet
1142 2397 1341 2430 dementiam.
