1653 2632
187 213 245 245 92.
270 212 368 253 Ergo,
393 214 516 253 martyr
541 214 690 254 pretiose,

314 260 429 293 Funde
448 269 572 301 preces,
598 260 683 294 filius

164 316 208 350 10
218 326 247 349 a.
274 316 381 358 Atque
405 319 499 357 pater
524 318 577 350 det
602 321 736 358 paterna

269 365 395 397 Pietate
419 366 613 405 sempiterna

318 412 421 444 Nobis
448 413 528 444 coeli
552 413 677 454 gaudia,

163 469 243 502 lla.
270 469 307 501 In
334 479 396 509 qua
417 472 540 510 martyr

319 516 473 557 Georgius
498 518 674 557 triumphat

367 564 445 597 Cum
458 565 572 596 ceteris
585 565 789 605 martyribus,

164 622 243 654 12a.
272 621 326 653 Ad
351 622 451 662 ipsius
478 622 668 653 consortium

315 669 383 701 Nos
408 669 517 701 venire
542 667 648 710 faeiat,

783 118 849 154 281

873 216 930 249 9b.
951 217 996 250 Ut
1020 218 1150 258 virginis
1175 219 1330 258 gloriosae

1003 264 1051 297 Sit
1074 265 1165 297 nobis
1189 266 1357 306 propitius,

850 320 931 354 10b.
955 321 1045 360 Quod
1068 331 1209 354 erramus
1234 323 1282 353 sie
1304 323 1470 363 condonet,

954 368 998 401 Ut
1024 378 1093 400 oum
1118 370 1236 401 sanetis
1260 379 1317 402 nos
1344 373 1471 402 coronet

1001 416 1039 448 In
1063 419 1192 448 aeterna
1215 417 1329 457 patria.

849 471 931 505 Hb.
951 473 1082 505 Festum
1108 474 1195 513 eujus

1004 520 1205 553 Celebramus
1228 521 1324 553 hodie

1047 568 1179 600 Devotis
1201 577 1271 600 cum
1288 568 1445 600 laudibus.

849 623 930 656 1212.
954 625 1013 663 Qui
1038 625 1153 657 eleetos
1178 634 1251 657 suos
1276 633 1383 657 omnes

1001 672 1083 704 Vero
1109 681 1192 712 pane
1215 673 1319 704 satiat.

239 735 356 762 Prosar.
377 743 430 762 ms.
452 734 649 762 Laudunense
668 743 743 762 saec.
766 733 810 762 12.
832 736 901 763 Cod.
921 736 1107 765 Laudunens.
1128 735 1192 765 263.
1213 738 1248 765 A.
1265 752 1302 756 —
1315 738 1397 765 Miss.
1417 746 1470 765 ms.

159 771 191 799 S.
205 772 313 800 Jaeobi
326 773 469 800 Brunens.
484 773 510 800 ὃ.
528 780 602 799 saec.
619 770 662 799 15.
677 773 710 799 B.
725 787 762 792 —
775 771 827 807 3a,
842 772 860 800 2
873 777 992 810 tangere
1007 776 1038 803 B.
1050 790 1090 795 -—-
1102 775 1153 808 71),
1168 774 1186 802 2
1197 776 1369 812 suppliciter
1382 776 1415 803 B.
1431 790 1470 794 --

163 809 197 838 11
208 819 233 843 a,
255 808 273 836 2
294 810 437 847 Georgius
456 811 686 847 beispielsweise
705 811 745 845 A;
768 811 843 839 ohne
862 812 974 840 Namen
994 813 1028 840 Β.
1043 828 1079 832 -
1093 813 1178 841 Mcl.:
1200 814 1419 850 Oongaudentes
1437 814 1470 841 B.

611 892 680 924 332.
719 893 762 924 De
786 902 845 925 uno
866 894 1020 934 Martyre,

163 956 221 988 la.
247 954 376 987 Laudes
401 954 469 986 Deo
495 962 641 993 promere

246 1001 359 1040 Corde,
388 1010 442 1033 ore
467 1010 564 1040 opere

295 1049 380 1081 Cura
403 1049 447 1079 sit
469 1047 629 1082 fidelibus,

165 1108 221 1139 2a.
247 1106 361 1138 Manat
383 1105 445 1138 Dei
470 1106 573 1146 gratia

244 1153 289 1186 Ut
315 1162 468 1193 aquarum
494 1153 594 1194 eopia,

295 1201 381 1241 Quae
403 1199 507 1232 fluunt
531 1200 571 1232 de
595 1199 729 1240 Libano,

158 1260 219 1292 3a.
246 1259 344 1292 Unde
368 1266 503 1297 sequens
527 1257 699 1290 Dominum

243 1305 366 1346 Spretis
391 1305 485 1336 minis
509 1304 670 1336 hominum

290 1353 356 1385 Dat
387 1361 531 1384 eruorem
556 1360 692 1391 roseum,

159 1413 219 1444 4a.
245 1410 284 1443 1n
310 1419 370 1450 quo
395 1410 498 1441 stolae
522 1408 666 1448 geminae

242 1458 329 1498 Agni
352 1457 454 1488 tincta
477 1456 631 1495 sanguine

290 1506 440 1544 Purpura
463 1503 617 1543 induitur,

159 1565 219 1596 5a.
246 1563 278 1595 Is
303 1571 339 1594 se
364 1560 578 1601 diligentibus,

240 1611 279 1643 In
304 1618 339 1641 se
364 1608 606 1648 confidentibus,

290 1657 393 1689 Nobis
419 1657 516 1688 donet
542 1655 677 1693 veniam,

849 1106 908 1138 ab.

849 1257 907 1291 3b.

846 1408 905 1442 4b.

847 1560 904 1594 5b.

849 955 907 987 lb.
928 956 1060 988 Festum
1084 960 1193 987 curent
1217 957 1330 990 colere,

928 1003 1106 1042 Martyrem
1130 1004 1276 1035 attollere

977 1050 1069 1088 Voto,
1097 1059 1183 1091 voce,
1207 1050 1367 1090 precibus,

928 1106 1014 1138 Rore
1041 1107 1143 1138 sancti
1168 1107 1301 1146 spiritus

930 1153 1080 1185 Sanctum
1104 1154 1188 1194 rigat
1213 1155 1342 1185 coelitus

977 1201 1015 1233 In
1040 1201 1155 1233 amoris
1182 1201 1316 1235 clibanO.

929 1257 1050 1289 Exiens
1076 1258 1220 1289 exsilium

929 1304 1034 1336 Intrat
1056 1305 1090 1336 in
1112 1305 1173 1336 hoe
1196 1305 1334 1337 stadium

977 1352 1163 1383 Thalamum
1189 1352 1381 1384 aethereum.

928 1408 1066 1440 Deitatis
1091 1409 1198 1448 speeie

928 1456 1083 1488 Revelata
1106 1455 1189 1487 faeie

978 1503 1055 1535 Cum
1079 1503 1181 1535 beatis
1206 1502 1332 1536 fruitur.

930 1560 989 1599 Qui
1015 1560 1156 1592 canendo
1183 1560 1320 1592 dulciter

929 1609 1124 1640 Veneremur
1143 1608 1263 1648 jugiter

975 1655 1131 1695 Martyris
1157 1656 1333 1687 victoriam.

237 1723 324 1751 Grad.
345 1731 398 1749 me.
413 1722 573 1750 Sanetense
592 1730 615 1749 s.
634 1723 709 1757 sign.
730 1729 806 1749 saee.
827 1719 902 1749 1⁵lle.
916 1721 950 1748 A.
963 1737 1001 1741 —-
1014 1722 1099 1749 Miss.
1124 1730 1176 1748 ms.
1193 1721 1374 1749 Novesiensc
1401 1730 1472 1750 :aee.

161 1760 207 1789 15.
235 1761 304 1789 Cod.
329 1761 488 1788 Parisiens.
520 1758 555 1787 12
566 1757 631 1787 063.
659 1760 692 1787 B.
721 1775 756 1778 —
784 1759 839 1793 la,
868 1758 883 1787 1
909 1758 1042 1787 Laudem
1064 1760 1128 1787 Deo
1154 1759 1187 1787 Β.
1218 1774 1255 1779 —
1280 1760 1366 1787 Mel-t
1396 1760 1473 1788 Veni

161 1802 265 1827 sancte
285 1799 414 1833 spiritus.

615 1871 680 1902 383.
721 1871 765 1902 De
785 1879 845 1903 uno
865 1871 1016 1910 llIartyre.

163 1934 223 1968 12.-
247 1932 349 1965 Dulce
372 1933 471 1964 melos
495 1934 627 1974 tangens
652 1933 756 1965 caelos
847 1933 905 1966 ib.
925 1932 1471 1972 Mati-iseursum,quaeestsursum,

291 1981 432 2013 Resonet
457 1980 593 2012 ecclesia
978 1979 1076 2012 Sonet
1100 1983 1132 2011 et
1157 1980 1309 2019 tripudia.

160 2041 219 2072 23..
248 2038 344 2078 CuJ'us
370 2041 472 2070 status
497 2038 669 2070 mansionis
848 2038 906 2071 ab.
930 2037 1044 2070 Coram
1068 2037 1176 2069 throni
1200 2037 1289 2068 suavi
1314 2046 1390 2069 sono

244 2086 317 2118 Vim
340 2086 539 2119 transcendit
564 2086 706 2126 rationis,
932 2085 1024 2118 Cives
1047 2087 1159 2116 tonant
1183 2084 1366 2118 altithrono.

160 2146 216 2178 3a.
244 2144 268 2177 O
295 2152 389 2184 quam
411 2143 562 2175 ardenter
586 2143 698 2175 sitiunt
848 2143 906 2176 ab.
929 2142 1093 2174 Fruuntur
1116 2150 1176 2173 nee
1199 2140 1366 2182 fastidunt,

241 2191 412 2231 Dilectum,
439 2199 531 2231 quem
555 2191 763 2232 prospiciunt,
931 2191 996 2230 Quo
1021 2188 1086 2221 frui
1107 2189 1207 2230 magis
1232 2189 1352 2222 sitiunt.

157 2254 216 2285 4a.
245 2249 390 2289 Sanetus,
418 2248 507 2288 cujus
531 2248 628 2280 hodie
847 2248 907 2282 4b.
929 2247 1003 2280 Illic
1024 2247 1135 2286 juncta
1156 2246 1294 2278 trinitati

290 2297 408 2337 Agitur
430 2296 593 2336 memoria,
976 2295 1092 2335 Fulget
1116 2296 1219 2326 mater
1242 2294 1382 2335 Domini,

242 2345 404 2379 Christum
429 2353 536 2385 regem
561 2343 682 2385 gloriae
931 2342 1092 2376 Plaudant
1118 2351 1192 2383 ergo
1213 2342 1280 2382 jam
1304 2343 1416 2383 renati,

288 2393 361 2427 Jam
385 2392 475 2426 videt
499 2393 533 2425 in
558 2391 669 2433 gloria.
980 2390 1077 2423 Trino
1103 2393 1216 2422 sonent
1239 2391 1370 2423 numini.
