1653 2632
728 111 985 147 —200—

203 205 257 237 6a.
285 204 367 243 Quos
392 206 582 245 praemissos
606 206 775 240 subsecuta

281 251 408 292 Martyr
431 253 527 285 hodie
549 253 653 286 soluta

330 299 381 331 Ab
407 301 564 332 aerumnis
587 302 706 334 saeculi

202 365 256 397 721.
285 363 385 404 Hujus
410 366 499 405 signo
524 367 635 398 tumuli

280 410 401 451 Liquor
422 413 524 445 stillat
548 413 620 452 olei,

280 458 346 497 Quo
369 462 521 491 sanantur
545 460 698 500 languidi.

881 207 939 240 6b.
962 207 1091 240 Coelum
1116 209 1244 241 scandit
1267 210 1460 252 Katharina,

963 254 1059 294 Cujus
1085 263 1200 295 corpus
1224 258 1324 289 monti
1349 257 1426 291 Sina

1010 301 1279 336 commendarunt
1303 306 1418 346 angeli.

880 367 938 401 71).
961 368 1032 400 Rex
1059 377 1169 409 regum
1193 370 1360 412 mirabilis,

960 416 1050 448 Fove
1073 425 1130 448 nos
1158 416 1317 458 suffragiis

959 462 1063 503 Hujus
1087 464 1188 496 mirae
1211 465 1343 505 virginis

647 528 679 560 8.
706 527 792 559 Huic
814 528 1034 568 supplicantes

706 574 783 606 Tuis
810 575 900 607 donis
924 575 1077 609 mirificis.

268 634 405 670 Sequent.
431 644 484 663 ms,
511 637 629 665 Arnesti
655 639 691 667 de
715 639 864 668 Pardubic
890 642 960 668 anni
988 640 1071 670 1360.
1094 642 1165 671 Cod.
1193 644 1287 680 Capit.
1308 645 1448 682 Pragens.
1477 656 1499 675 s.

192 680 258 707 sigi
289 687 322 691 —
345 673 428 700 Nach
448 671 500 708 2b,
523 674 537 702 1
559 676 635 703 noch
653 677 723 705 Non
742 679 875 706 terrores.
896 688 956 707 non
974 682 1133 716 tormenta3
1156 683 1301 711 entweder
1320 685 1361 711 ist
1380 685 1442 713 dies
1463 695 1501 713 zu

191 710 250 738 viel
293 710 340 738 ‘let
360 709 403 737 2a
422 712 600 740 lsckenhaft.
620 729 659 733 —
680 713 729 750 6a,
753 714 768 743 l.
789 718 959 752 praemissa.
979 733 1017 738 —
1037 718 1089 754 6b,
1111 717 1129 746 2
1150 721 1259 748 montis
1279 721 1360 750 Sina.

595 813 659 845 267.
702 815 746 846 De
767 817 879 848 sancta
898 817 1086 850 Katharina.

214 879 270 913 1a.
295 880 452 913 Mundum
476 883 578 922 replet
602 884 717 924 gaudio

294 927 507 968 Triumphalis
531 931 637 970 passio

340 975 538 1008 Katharinae
562 978 704 1020 virginis,

212 1040 267 1071 2a.
294 1040 379 1080 Opus
405 1040 601 1076 fortitudinis

292 1087 370 1119 Tam
394 1090 579 1128 praeclarae
606 1092 738 1133 virginis

340 1135 552 1170 Admirantur
576 1140 713 1182 saecula,

210 1200 266 1232 3a.
289 1200 382 1232 Hanc
405 1202 445 1233 ab
472 1204 561 1235 annis
587 1206 705 1238 teneris

292 1247 500 1281 Imbuendam
522 1251 625 1284 literis

335 1293 433 1327 Pater
456 1305 513 1328 rex
538 1299 726 1343 tradiderat,

208 1360 264 1392 4a.
290 1361 392 1392 Annis
418 1370 562 1395 crescens
588 1368 620 1396 et
642 1368 756 1408 aetate,

288 1407 415 1439 Morum
438 1409 531 1442 simul
554 1411 721 1445 honestate

336 1455 508 1488 Crescebat
533 1461 565 1490 et
587 1461 707 1500 gratia3

206 1519 262 1551 5a.
289 1519 373 1552 Dum
397 1522 439 1554 ad
464 1524 582 1556 cultum
606 1525 762 1559 idolorum

287 1566 427 1600 Turbam
453 1571 535 1610 cogit
558 1573 748 1612 populorum

332 1615 497 1656 Tyrannus
522 1619 714 1662 Maxentius,

207 1680 265 1712 6a.
292 1680 440 1713 Oratores
466 1684 606 1718 eruditos

282 1728 336 1760 Ad
361 1731 519 1762 certamen
545 1734 714 1767 accersitos

327 1775 379 1807 Ex
402 1778 486 1817 reg-Is
510 1778 644 1819 imperio

200 1841 219 1873 7
227 1849 254 1873 a.
281 1841 386 1874 Judex
411 1847 517 1876 movet
538 1845 776 1890 blandimentis,

279 1888 377 1921 Minis
402 1893 502 1923 terret
526 1895 559 1924 et
580 1895 756 1937 tormentiS,

278 1936 390 1968 Multis
414 1941 549 1978 temptat
570 1944 762 1981 argumentis

325 1983 487 2025 Virginem
512 1987 683 2032 seducere;

198 2047 254 2080 Sa.
279 2048 326 2081 Ut
349 2058 368 2081 a
392 2059 467 2083 vero
493 2051 672 2086 defectatur

275 2095 342 2127 Aut
363 2101 495 2137 repente
518 2101 703 2143 perimatur,

275 2142 359 2175 Rota
384 2146 538 2184 quaedam
562 2153 774 2189 praeparatur

323 2190 369 2222 Et
392 2194 552 2226 structura
576 2196 690 2237 lignea.

194 2254 250 2285 9a.
276 2255 339 2287 Pro
364 2257 453 2297 signo
477 2261 623 2293 miraculi

274 2299 331 2333 Fit
352 2304 394 2335 ad
418 2305 579 2340 Christum
603 2311 715 2349 populi

322 2349 457 2383 Gentilis
484 2356 666 2399 conversio,

894 887 953 921 lb.
976 888 1068 921 Cives
1094 890 1312 924 Alexandriae

976 935 1059 968 Suae
1083 937 1223 970 reddant
1244 938 1331 972 filiae

1021 983 1165 1017 Laudem
1189 986 1236 1026 pii
1262 988 1420 1023 carminiS.

892 1048 950 1081 ab.
973 1049 1063 1088 Quod
1088 1052 1167 1083 vicit
1192 1052 1363 1096 diabolum,

971 1097 1105 1130 Hostem
1129 1101 1245 1132 stravit
1268 1102 1436 1135 subdolum

1018 1145 1144 1179 Tenera
1161 1147 1342 1187 juvencula.

890 1209 947 1243 3b.
969 1210 1023 1242 Sic
1044 1212 1073 1243 ei
1096 1213 1232 1246 scientia

971 1258 1190 1292 Praecedente
1215 1263 1319 1302 gratia

1014 1306 1187 1347 Multiplex
1212 1314 1400 1346 accesserat.

887 1369 948 1404 4b.
971 1370 1171 1405 Christianae
1194 1373 1271 1407 fidei

969 1418 1094 1451 Cultrix
1119 1429 1188 1452 cum
1213 1423 1349 1463 virginei

1014 1466 1151 1499 Pudoris
1174 1471 1342 1506 munditia.

885 1530 942 1564 5b.
964 1531 1055 1564 Haec
1078 1541 1218 1566 errorem
1244 1541 1444 1579 aspernatur,

966 1578 1080 1611 Fidem
1106 1582 1226 1615 Christi
1251 1588 1451 1624 protestatur

1011 1626 1057 1658 Et
1085 1628 1178 1661 docet
1202 1633 1364 1666 attentius.

883 1691 942 1724 6b.
963 1692 1039 1725 Sola
1062 1695 1141 1727 vicit
1163 1697 1330 1731 universos

963 1739 1009 1772 Et
1016 1741 1058 1773 ad
1066 1741 1226 1776 Christum
1235 1755 1309 1778 mox
1315 1756 1484 1782 conversos

1013 1788 1121 1822 Sociat
1143 1793 1310 1834 martyrio.

881 1852 937 1886 712.
960 1854 1088 1896 Martyr
1113 1860 1260 1891 constans
1287 1864 1319 1892 et
1342 1861 1464 1895 invicta

959 1901 1072 1935 Multis
1097 1906 1208 1944 poenis
1234 1910 1282 1939 est
1306 1907 1428 1943 afflicta

960 1949 1003 1981 Et
1030 1952 1150 1984 catenis
1176 1954 1247 1986 dire
1271 1956 1384 1989 stricta

1008 1997 1175 2032 Clauditur
1198 2001 1232 2033 in
1258 2011 1397 2039 carcere.

877 2060 934 2094 eb.
959 2061 1024 2094 Sed
1048 2066 1190 2104 aptatam
1213 2076 1273 2107 pro
1297 2071 1456 2104 tormento

959 2109 1020 2141 Dei
1043 2111 1146 2144 virtus
1170 2114 1204 2146 in
1228 2120 1386 2150 momento

958 2156 1092 2199 Frangit
1117 2160 1182 2193 ictu
1207 2162 1347 2196 violento

1026 2205 1235 2249 Flammaque
1258 2209 1422 2247 fulminea.

874 2267 933 2302 9b.
955 2270 1045 2303 Uxor
1068 2274 1152 2314 regis
1179 2277 1284 2316 capite

955 2317 1136 2353 Truncatur
1161 2331 1232 2355 cum
1256 2325 1360 2358 milite

1004 2366 1218 2409 Triumphans
1243 2373 1436 2415 Porphyrio.
