1653 2632
211 283 266 316 la.

210 437 268 469 23..

211 587 268 619 Sa.

206 972 262 1003 4a.

209 1122 263 1153 5a.

210 1273 265 1306 6a.

210 1424 264 1456 7a.

210 1670 266 1702 8a.

210 1869 266 1901 9a.

186 2114 230 2148 10
240 2123 270 2149 a.

706 112 965 147 —212—

608 210 676 241 284.
717 209 759 241 De
779 210 885 240 sancto
904 207 1066 248 Maglorio.

292 282 410 323 Fulget
435 281 503 314 dies
527 281 692 324 hodierna,

292 331 360 368 Qua
385 329 570 361 conscendit
600 328 641 360 ad
674 336 813 367 superna

337 375 487 410 Pontifex
509 376 696 416 Maglorius,

294 435 354 474 Qui
377 433 502 465 visebat
525 442 643 473 parvus
667 432 783 463 scholis

290 482 408 513 Verum
434 481 546 520 dogma
570 480 638 511 veri
662 480 738 511 solis

335 528 444 568 Melle,
471 527 543 560 favo
570 527 703 566 dulcius,

296 584 349 617 Sic
367 585 527 616 nimirium

383 632 499 663 instrui
524 630 655 663 coelitus

289 679 476 711 Admiratus

387 729 434 757 est
460 726 570 757 doctor
593 725 721 756 inclitus

339 773 475 805 Puerum
499 772 683 812 benignius3

294 820 403 853 Omnis
430 820 524 851 cessit
548 820 623 851 huic
651 819 782 857 sodalis,

293 868 371 900 Cum
398 867 561 898 doctrinae
580 866 675 905 J'ubar
700 866 774 897 talis

337 914 411 946 Non
437 914 535 945 sensit
559 913 701 944 interius.

290 970 465 1002 Abdicavit
489 973 602 1009 quarta
624 978 766 1008 prorsus,

289 1018 359 1049 Nee
382 1017 505 1056 recepit
529 1017 605 1056 quid
628 1017 785 1047 introrsus

339 1064 436 1096 Sexta
460 1072 518 1095 nec
542 1073 605 1095 non
629 1062 720 1096 feria.

289 1120 354 1153 Ubi
379 1129 537 1159 nunquam
561 1120 667 1152 hausit
689 1120 807 1159 vinum,

290 1168 355 1200 Sed
378 1176 438 1199 nec
460 1170 570 1207 potum
595 1167 764 1198 siner-inum

335 1216 534 1254 Aspernatus
559 1214 646 1254 talia,

291 1271 385 1303 Felix
409 1272 483 1313 vita,
510 1279 600 1302 sacer
624 1273 724 1310 actus,

288 1318 372 1350 Nam
396 1318 538 1358 patravit
563 1318 687 1350 caelebs
708 1317 810 1350 factus

338 1366 498 1397 Virtutum
522 1366 668 1406 insignia.

293 1422 427 1454 Functis
453 1422 547 1453 citam

292 1470 391 1502 Dedit
414 1470 523 1509 vitam,

343 1516 419 1549 Cibo
444 1517 543 1557 pavit,

340 1565 424 1604 Quos
449 1565 577 1597 vexavit

389 1613 505 1644 Fames
533 1612 566 1643 in
590 1611 766 1643 Britannia.

293 1668 484 1702 Informavit
508 1667 607 1699 verba
630 1670 746 1706 mutae,

293 1717 356 1749 Per
380 1717 465 1748 hunc
487 1715 576 1754 rupis
603 1715 775 1746 dissolutae

294 1764 391 1796 Plebs
422 1762 545 1803 fugavit
568 1762 675 1794 hostes
700 1765 768 1793 tute

338 1811 535 1851 Lapillorum
564 1810 666 1850 copia.

293 1868 385 1900 Finis
411 1868 500 1907 qu'us
526 1869 727 1899 consecratus

291 1916 353 1948 Est
378 1925 395 1947 e
420 1915 507 1947 coelo
532 1915 703 1953 nuntiatus,

341 1963 431 2002 Quod
457 1965 637 1994 sanctorum
663 1961 692 1992 ei
708 1963 814 1992 coetus

343 2011 509 2043 Obviando
537 2010 620 2041 canit
644 2009 746 2040 laetus

389 2058 508 2089 Divina
531 2056 700 2096 magnalia.

298 2115 322 2146 O
348 2114 497 2154 Maglori,
521 2114 588 2153 jam
616 2112 722 2144 sonori

293 2161 397 2193 Melos
423 2162 517 2200 huJ'us
541 2160 616 2192 audi
642 2159 740 2197 chori,

295 2208 362 2240 Nos
387 2208 534 2247 supernis
556 2208 691 2246 jungens
713 2204 816 2236 turbis

295 2254 363 2286 Fac
386 2255 536 2294 perennis
563 2254 647 2285 cives
669 2252 758 2284 urbis

342 2302 457 2333 Mundi
481 2304 556 2341 post
581 2300 701 2332 exsilia.

894 278 951 312 lb.

893 430 951 463 2b.

893 581 949 614 3b.

892 966 948 999 4b.

891 1117 948 1150 5b.

893 1268 950 1301 6b.

896 1419 952 1453 Ἠ).

897 1665 953 1698 81).

899 1863 956 1898 9b.

874 2110 957 2143 10b.

973 277 1100 318 Regnat
1121 277 1179 308 ubi
1203 276 1272 308 sine
1295 275 1359 308 fine

976 325 1085 362 Verbi,
1110 324 1212 364 patris
1237 332 1275 355 ac
1299 324 1426 364 reginae

1024 372 1195 405 Genitrieis
1219 371 1313 405 filius.

974 430 1064 469 Quod
1090 431 1213 460 secreta
1238 428 1299 459 sihi
1325 428 1406 459 cella

974 476 1203 517 Praesignabat
1227 476 1260 507 in
1284 475 1405 507 tabella

1020 524 1162 564 Angelus
1188 522 1329 555 eximius.

973 581 1069 621 Virgo
1094 580 1211 611 mansit

1067 628 1178 659 matris
1201 627 1240 658 ab
1266 629 1366 664 utero,

975 675 1082 707 Panno
1108 683 1234 714 semper

1068 722 1197 754 indutus
1222 729 1335 760 aspero

1018 769 1153 801 Advixit
1180 769 1323 808 egregius

970 816 1122 848 Favorali
1146 816 1215 847 sine
1237 819 1350 853 vento;

971 863 1013 895 Se
1038 863 1179 894 ciborum
1202 862 1351 893 alimento

1018 910 1092 949 Jugi
1116 909 1311 949 parsimonia.

970 966 1035 997 Hic
1060 966 1200 997 divinum
1224 973 1284 1005 per
1308 964 1435 996 affatum

971 1013 1151 1053 Dereliquit
1174 1012 1391 1052 praesulatum

1020 1061 1137 1091 Petens
1162 1059 1314 1091 solitaria.

971 1118 1060 1150 Pane
1084 1125 1215 1148 vescens
1240 1116 1432 1147 hordeorum

971 1164 1106 1197 Amnem
1129 1164 1212 1195 bibit
1235 1161 1401 1195 fluviorum

1019 1211 1181 1244 Parcitate
1203 1211 1312 1242 nimia.

973 1268 1076 1300 Tactu
1099 1276 1211 1299 manus
1236 1267 1359 1306 lepram
1391 1266 1494 1306 tersit,

974 1315 1061 1347 Rore
1084 1323 1175 1346 sacro
1202 1323 1294 1354 quem
1318 1314 1474 1353 respersit

1023 1362 1184 1402 Spiritalis
1212 1362 1324 1401 gratia.

975 1418 1209 1459 Naufragorum

977 1467 1187 1499 Parvulorum

1025 1513 1230 1553 Suffmgator,

1027 1561 1213 1593 Consolator

1072 1607 1149 1639 Fuit
1172 1616 1268 1647 super
1292 1607 1403 1640 maria.

973 1666 1120 1706 Anguem
1144 1664 1258 1696 stravit
1283 1672 1475 1695 venenosum

976 1712 1023 1744 Et
1047 1712 1148 1744 erexit
1173 1714 1359 1751 tortuosum,

979 1760 1160 1792 Indulcavit
1185 1762 1345 1791 acetosum

1026 1807 1177 1839 Fructum
1204 1808 1245 1839 ad
1272 1806 1426 1839 convivia.

982 1863 1503 1904 Sicpostmundumtriumphatum

979 1912 1025 1943 Et
1047 1910 1226 1951 perfectum
1252 1911 1442 1943 coelibatum

1026 1959 1116 1991 Stola
1140 1959 1225 1990 vitae
1247 1959 1418 1990 revestitus

1025 2006 1071 2037 Et
1095 2015 1210 2038 corona
1234 2005 1401 2038 redimitus

1072 2053 1209 2092 Magnus
1234 2052 1272 2085 fit
1294 2053 1328 2083 in
1353 2051 1462 2092 gloria.

981 2109 1044 2141 Sed
1062 2119 1121 2149 pro
1141 2109 1243 2149 nobis,
1268 2109 1398 2148 praesul
1416 2116 1500 2148 care,

980 2156 1176 2188 Salvatorem
1204 2156 1386 2196 deprecare,

980 2203 1024 2235 Ut
1051 2204 1198 2243 dignetur
1221 2212 1278 2234 nos
1303 2203 1428 2233 salvare

981 2251 1084 2284 Verae
1108 2251 1187 2284 lucis
1208 2258 1246 2281 ac
1267 2249 1454 2288 praeclarae

1027 2297 1116 2329 Dans
1141 2299 1272 2329 aeterna.
1292 2295 1421 2335 gaudia.

283 2375 366 2402 Miss.
388 2384 441 2402 ms.
463 2374 748 2409 Sammaglorianum
767 2379 843 2399 saec.
866 2369 909 2397 15.
932 2371 1001 2398 Cod.
1024 2370 1182 2398 Parisiens.
1203 2368 1326 2404 (Arsen.)
1348 2368 1414 2398 623.
