1653 2632
688 108 925 142 -26-

155 211 208 243 8a.
236 209 283 241 Te
307 209 402 241 turba
426 207 607 241 Christiana
837 203 895 236 8b.
917 202 971 233 Ad
995 201 1097 232 hostis
1120 200 1251 231 inimica.

235 256 362 289 Habeat
386 255 560 288 munimina
917 247 1134 287 Propeuenda
1155 247 1271 287 J'acula.

495 313 527 345 9.
554 310 658 349 Salve,
685 316 763 340 crux
788 309 908 345 sancta,
933 304 1108 344 praecelsa.

230 379 318 408 Grad.
338 387 391 405 ms.
412 377 441 405 S.
462 376 596 413 Agathae
616 375 686 402 anni
707 369 789 400 1512.
803 371 838 398 A.
859 384 897 389 ——
917 368 1005 397 Grad.
1020 377 1072 396 ms.
1088 368 1308 404 Cruoigerorum
1328 376 1403 395 saec.
1416 366 1461 395 15.

155 417 224 445 Ood.
238 417 461 445 Monasteriens.
483 413 535 442 199
550 414 584 441 B.
604 428 642 433 —
660 411 743 439 Mel.:
761 409 867 437 Justus
887 410 921 435 ut
941 407 1040 443 palma
1059 406 1159 441 major,
1186 414 1238 433 aus
1260 405 1386 433 welcher
1399 405 1463 432 sich

154 456 202 483 die
221 454 439 491 rhythmisehen
458 451 697 485 Abweiehungeu
715 450 747 476 in
769 447 826 475 Str.
841 445 858 475 6
878 455 907 473 u.
922 445 939 473 7
964 445 1108 473 erkli'tren.
1130 459 1166 463 ——
1186 443 1238 478 7a,
1259 442 1277 470 2
1297 443 1384 470 Flore
1403 443 1463 470 AB.

611 540 659 571 25.
698 539 742 570 De
765 539 874 570 sancta
896 537 999 569 Gruee.

157 619 212 651 1a.
239 617 369 656 Signum
395 613 513 646 Christi
537 610 740 653 triumphale7
840 608 898 642 1b.
919 607 1057 648 Lignum
1081 607 1166 639 vitae
1191 609 1224 638 et
1247 605 1364 645 regale,

286 663 365 703 Spes
391 664 421 693 et
446 662 556 692 nostra
580 658 691 699 gloria,
966 655 1034 687 Nos
1056 657 1188 695 protege
1213 662 1251 686 ao
1275 653 1374 684 salva.

156 723 212 754 Za.
238 720 349 760 Lupus
373 720 410 749 uf,
433 719 556 749 astutus
839 712 898 746 21).
919 712 997 744 Polo
1023 712 1091 743 sine
1116 711 1191 743 dolo

284 776 347 799 non
372 765 555 804 submergat
577 761 699 802 inferis,
968 759 1086 791 reddas
1111 758 1173 798 piis
1197 757 1328 798 angelis.

659 820 689 852 3.
715 817 762 851 Ut
787 815 964 849 conformes

716 866 814 897 simus
838 864 940 895 beatis

715 913 749 944 in
773 911 974 952 plenitudine

764 959 896 1000 gratiae.

231 1031 314 1058 ffiss.
344 1038 396 1057 ms.
423 1034 452 1057 b.
480 1028 574 1056 Blasii
599 1027 669 1054 anni
697 1024 780 1053 1491.
809 1024 879 1052 Cod.
906 1023 934 1051 S.
962 1023 1050 1051 Pauli
1074 1022 1111 1049 ad
1136 1022 1302 1049 Laventum
1330 1029 1365 1049 ex
1393 1020 1465 1048 San-

156 1070 298 1097 blasianis
319 1068 423 1095 memb.
445 1064 490 1094 64.
513 1082 551 1085 —
570 1064 623 1099 Za,
645 1064 659 1092 1
681 1072 724 1100 sq.
744 1065 779 1091 ut
798 1065 912 1090 astutus
932 1070 969 1089 ne
989 1061 1164 1096 submergat.

622 1147 668 1178 26.
704 1146 748 1177 De
768 1145 878 1176 sancta
900 1143 1003 1175 cruce.

668 1218 698 1250 1.
725 1216 821 1249 Salve
843 1215 962 1254 lignum

159 1280 214 1311 2a.
241 1277 377 1310 Sanctae
402 1276 515 1315 crucis,
540 1283 613 1314 spes
637 1276 748 1306 nostra
841 1271 899 1305 2b.
921 1270 1023 1310 Salus,
1049 1271 1126 1310 vita,
1155 1278 1271 1301 corona

242 1328 274 1356 et
297 1324 441 1363 victoria,
924 1320 956 1349 et
980 1318 1123 1350 victoria.

160 1384 214 1415 3a.
243 1382 267 1415 O
294 1390 372 1413 crux
395 1380 571 1420 praeclara,
843 1375 899 1408 3b.
920 1375 959 1407 In
985 1384 1046 1415 qua
1070 1383 1127 1406 rex
1151 1373 1295 1406 Christus

242 1438 335 1470 quam
358 1428 458 1467 impia
925 1422 1081 1454 emaculat

241 1479 382 1509 tremunt
405 1477 544 1514 tartara3
924 1470 1033 1501 mundi
1060 1469 1202 1501 crimina.

159 1536 215 1567 4a.
243 1533 267 1566 Ο
290 1532 469 1576 benedicta,
842 1527 901 1561 41).
924 1528 986 1559 Per
1008 1529 1042 1558 te
1065 1526 1203 1558 humana

241 1581 274 1612 in
300 1589 362 1620 qua
385 1580 534 1611 laxantur
561 1578 687 1611 delicta.
924 1577 1081 1614 pacantur
1104 1576 1136 1605 et
1161 1572 1320 1605 coelestia.

160 1640 217 1671 5a.
243 1637 291 1670 Te
316 1641 430 1669 cuncta
452 1644 511 1676 per
536 1634 644 1666 orbem
844 1631 902 1665 5b.
924 1631 1097 1670 Veneram,
1124 1631 1262 1662 adorans

243 1685 337 1717 dulce
361 1684 446 1716 canit
471 1683 614 1715 ecclesia.
924 1680 979 1719 pia
1003 1678 1116 1710 sternit
1142 1676 1258 1710 officia.

161 1744 215 1776 6a.
243 1741 341 1780 Cujus
364 1740 477 1772 ultima
844 1736 902 1770 6b.
924 1735 1016 1767 Votis
1041 1734 1185 1767 omnibus

241 1789 319 1821 licet
343 1791 375 1820 et
398 1788 476 1820 vilia
926 1788 981 1815 tua
1004 1783 1159 1823 mysteria

243 1837 340 1869 simus
364 1834 562 1874 menibrella,
925 1839 1099 1871 pangamus
1124 1839 1217 1862 sacra

618 1892 648 1923 7.
674 1890 768 1922 Nunc
794 1892 826 1921 et
848 1898 908 1929 per
933 1888 1038 1921 omnia

678 1938 815 1970 saecula.

237 1997 324 2025 Grad.
345 2004 398 2023 ms.
420 1995 638 2022 Cremifanense
657 1992 712 2021 309
733 2002 809 2021 saec.
832 1991 874 2019 12.
888 1992 922 2020 A.
943 2007 982 2011 —
1000 1992 1082 2019 Miss.
1096 2000 1150 2018 ms.
1166 1990 1403 2025 Oenipontanum
1420 1988 1474 2018 611

162 2043 238 2063 saec.
267 2033 311 2063 15.
336 2035 368 2062 Β.
395 2050 433 2054 -
457 2031 512 2068 21),
543 2032 556 2059 l
586 2031 673 2059 Salus
699 2034 801 2059 nostra
820 2031 853 2059 B.
875 2046 911 2050 —
932 2029 981 2063 4a,
1005 2029 1023 2056 2
1043 2038 1095 2065 per
1116 2037 1204 2063 quani
1222 2029 1257 2056 B.
1277 2044 1315 2048 -—
1335 2027 1386 2064 4b,
1408 2026 1426 2055 2
1447 2030 1476 2056 et

161 2073 235 2101 fehlt
254 2073 289 2100 B.
309 2087 347 2091 ——
368 2070 420 2106 6b,
441 2069 459 2098 3
480 2071 635 2106 pangimus
655 2071 689 2097 Β.

623 2152 669 2182 27.
710 2152 753 2183 De
772 2151 883 2182 saneta
904 2150 1008 2182 eruce.

677 2223 707 2254 1.
733 2220 940 2261 Magnificam

165 2284 220 2315 Za.
246 2281 416 2313 Dominum
440 2288 562 2311 mecum
849 2277 907 2311 2b.
931 2278 989 2317 Qui
1015 2277 1161 2309 aseendit
1184 2277 1219 2307 in

249 2331 281 2360 et
305 2328 479 2360 exaltemus
504 2335 618 2358 nomen
930 2325 1080 2365 palmam,
1106 2323 1350 2363 apprehendere

247 2377 314 2417 ejus
339 2376 372 2407 in
397 2375 432 2406 id
456 2375 570 2414 ipsum.
932 2371 1054 2403 fructus
1080 2372 1147 2411 eJ'us
1174 2371 1293 2403 dulces.
