1653 2632
130 217 184 249 5a.

660 113 897 149 ,13-

206 217 300 255 Aqua
323 216 448 246 mutans
472 212 624 252 originem

211 263 293 293 Vitis
318 262 403 301 sapit
426 259 632 300 propaginem

257 310 308 341 Ac
330 308 426 340 Heloi
448 316 510 339 non
535 306 643 337 nescia

257 357 397 397 Lyaeum
422 353 507 387 fudit
530 353 646 394 hydria

305 403 376 435 Hac
402 403 436 434 in
462 401 523 433 die.

207 488 280 516 Clm.
299 487 467 514 Monacens.
488 482 572 512 3525.
593 491 668 511 saec.
693 480 737 509 12.
758 497 795 501 —
816 479 868 514 la,
890 478 908 507 2
926 479 1062 517 gratulat.
1083 494 1122 498 —
1141 476 1193 512 δε,
1214 474 1232 504 3
1254 476 1377 504 acheloi.
1399 490 1435 494 —

131 526 184 562 510,
205 526 222 554 5
242 525 323 553 fehlt.

135 878 191 910 2a.

136 982 191 1014 3a.

134 1133 190 1164 4a.

138 1332 192 1363 5a.

141 1530 196 1562 6a.

147 1871 201 1902 7a.

148 2021 203 2053 Sa.

151 2219 206 2251 ea.

809 208 867 242 5b.
890 207 954 239 Hic
977 206 1075 245 Deus,
1101 205 1164 237 Dei
1185 204 1281 244 filius,

891 255 989 293 Quem
1012 253 1117 292 stella,
1138 252 1231 292 magi,
1257 250 1381 292 fluvius,

937 302 1036 340 Quem
1061 298 1245 334 manifestat
1268 299 1395 339 hydria,

937 347 1005 379 Nos
1027 347 1096 387 jugi
1123 347 1217 378 donet
1242 346 1346 386 gratia

986 394 1058 426 Hac
1080 394 1114 425 in
1138 393 1199 426 die.

543 632 584 663 12.
618 631 654 663 In
676 629 795 662 Octava
813 628 1021 669 Epiphaniae.

530 723 560 755 1.
587 720 673 753 Laus
695 720 765 759 tibi,
793 718 929 757 Christe,

588 777 704 808 sponso
730 774 875 806 sponsae,
900 765 970 797 laus
994 765 1027 796 in
1052 767 1085 796 te

588 815 726 848 trinitati
750 816 887 846 sanctae.

217 876 297 915 Quia
321 874 431 906 mundi
457 876 553 912 sator,

217 923 301 955 salus
327 931 360 953 es
385 925 417 953 et
439 924 616 961 reparator,

219 980 258 1012 Vi
283 979 415 1011 rationis

219 1036 272 1059 cor
297 1027 424 1066 signans

217 1074 321 1114 angeli
346 1076 379 1105 et
400 1073 546 1110 hominis,

216 1131 266 1163 Tu
290 1129 361 1162 fons
385 1130 530 1170 benigne,

216 1177 289 1210 finis
314 1181 451 1219 aeterne,

218 1225 304 1265 origo
330 1233 446 1265 rerum,
474 1224 615 1256 clausula

219 1281 360 1312 operum,

219 1330 264 1363 Ut
290 1337 418 1360 consors
442 1331 575 1360 naturae

219 1377 374 1408 humanae

222 1424 277 1456 des
301 1423 421 1454 homini

223 1471 331 1503 divina
352 1478 475 1509 sapere,

224 1527 323 1566 Quam
347 1529 440 1566 pater
463 1529 578 1565 tecum,
604 1534 663 1565 per
683 1527 716 1556 te

221 1576 254 1606 in
278 1577 447 1614 pneumate

224 1622 333 1661 voluit,
359 1620 446 1660 fecit,

224 1668 305 1701 fovit
327 1669 515 1707 machinam,

226 1719 359 1755 creatae,
385 1715 541 1748 formatae

227 1764 403 1804 distinguis.
429 1763 533 1803 pingis

224 1812 362 1852 speeiem
387 1812 518 1844 variam.

228 1869 331 1910 Hanc,
356 1867 414 1900 fios
439 1867 549 1907 stirpis
574 1868 675 1910 Jesse,

225 1918 339 1948 unctus
358 1916 427 1947 oleo

227 1963 320 2004 ungis
344 1963 485 1994 laetitiae

230 2020 327 2059 Cujus
350 2020 472 2051 timoris

229 2076 291 2098 vox
313 2076 410 2106 super
433 2075 541 2106 aquas,

230 2117 265 2145 ut
290 2116 410 2145 mentes
433 2116 552 2145 terreat

230 2159 426 2201 fluctivagas

234 2217 392 2250 Scientiae

233 2273 343 2297 sacrae
366 2265 477 2305 dogma

232 2321 293 2344 vox
319 2314 367 2343 est

233 2360 265 2391 in
291 2357 534 2399 magnificentia.

815 869 873 902 ab.
897 868 1004 901 Rebus
1030 868 1109 899 dans
1135 867 1266 907 singulis

896 919 972 947 tuae
994 915 1140 947 umbram
1163 914 1320 954 imaginis,

817 973 874 1007 3b.
895 973 976 1012 Ejus
1002 971 1189 1012 crystallum

897 1020 1062 1059 indurans,

898 1068 991 1107 hujUs
1017 1069 1133 1098 test-am
1157 1065 1310 1098 solidans..

817 1125 876 1158 4b.
898 1123 1002 1157 Corde
1025 1122 1168 1163 parentis

898 1172 1009 1203 unicus
1033 1172 1127 1202 natus

900 1227 933 1250 es
958 1217 1075 1249 fratres
1100 1216 1218 1249 habere
1242 1225 1300 1248 nos

900 1266 1065 1306 dignatus3

820 1323 877 1356 5b.
898 1323 944 1355 Et
965 1322 1045 1353 lucis
1072 1321 1235 1361 particeps

903 1370 1029 1403 divinae

902 1426 955 1450 cor
979 1417 1115 1449 hominis

900 1474 964 1497 non
989 1464 1120 1496 laedant
1143 1462 1305 1494 tenebrae.

822 1523 878 1556 6b.
900 1521 974 1554 Tibi
999 1522 1191 1561 conjungens
1216 1528 1332 1559 corpus

903 1569 1065 1610 ecclesiae,

903 1616 1051 1657 palmites
1074 1616 1143 1657 viti⁷

903 1664 1047 1696 membra
1071 1663 1178 1703 capiti,

905 1712 1098 1750 sordentem,
1127 1712 1322 1742 marcentem

906 1763 940 1791 tu
964 1758 1030 1791 fide
1053 1759 1188 1790 mundas

906 1807 1063 1848 spiritum,
1089 1808 1227 1846 vegetas.

826 1866 872 1899 7b
895 1864 1032 1905 Septeno
1059 1864 1238 1904 chrismate,

907 1912 992 1952 quod
1016 1912 1050 1943 in
1075 1911 1218 1945 Jordane

910 1959 1056 1991 columba
1079 1959 1197 1990 intulit.

827 2017 884 2051 812.
908 2017 979 2048 Vox
1004 2016 1037 2047 in
1061 2016 1180 2047 virtute

910 2068 958 2095 est
982 2063 1113 2103 pietatis

909 2111 1039 2142 moralis
1065 2110 1176 2151 regula

910 2158 1085 2200 gravitatis¹

832 2216 890 2249 912.
909 2216 981 2247 Vox
1003 2214 1132 2247 Domini

913 2261 1079 2302 fortitudo,

915 2311 1027 2342 cedros

915 2357 1086 2398 confringit
1109 2357 1142 2388 in
1165 2355 1297 2387 Libano.
