1653 2632
704 122 942 157 ,31-

165 217 221 251 73.
246 216 299 249 Da
322 217 415 250 nobis
439 217 567 250 felicem

246 264 510 305 propitiationem

248 313 283 344 in
306 312 413 353 finem,

248 361 436 401 propitiatio
460 364 580 396 nostra.

163 418 221 451 8a.
246 417 293 449 Et
315 418 406 458 regni
430 418 564 458 gloriam

246 465 367 504 videre,
393 465 449 497 ubi
477 474 546 498 cum
570 466 677 506 palma

250 513 396 545 eoelestis

247 560 448 592 Hierusalem
474 560 508 591 in
533 560 607 592 aula

853 219 910 252 7b.
932 219 985 251 Da
1006 217 1157 249 membris
1182 221 1255 257 post
1278 220 1412 250 mortem

931 265 1025 298 fessis
1050 268 1081 297 et
1105 264 1269 297 animabus

932 313 1083 354 requiem,

933 361 1087 401 requietio
1112 362 1240 401 nostra;

852 419 910 453 812.
931 418 993 451 Tui
1016 421 1120 449 tecum
1144 415 1226 449 festo

932 465 1064 506 perenni
1087 465 1205 496 milites
1230 467 1374 505 regnant,

933 512 1015 556 fave,
1040 521 1098 544 rex

933 560 1063 601 gloriae,
1088 563 1120 591 et
1144 560 1311 599 exaltetur,

622 618 653 649 9.
680 616 827 656 Domine,
854 626 981 657 semper

680 663 797 696 victrix
823 664 956 696 dextera
979 668 1044 696 tua.

239 729 322 757 Miss.
343 737 395 756 ms.
420 729 516 765 Capit.
537 728 723 757 Cracoviens.
744 727 761 756 2
782 731 853 757 anni
874 727 957 757 1438.

602 821 651 853 34.
689 821 784 853 Feria
802 821 853 853 IV.
874 821 1021 852 Paschae.

622 892 652 925 1.
679 892 785 924 Adest
807 900 944 931 namque

677 939 801 972 Pascha
827 939 944 971 Christi

679 986 771 1019 nobis
794 986 1020 1027 venerandum,

851 1042 909 1075 2b.
932 1043 970 1075 In
996 1051 1056 1082 quo
1083 1043 1188 1073 cuncti
1212 1042 1391 1076 adoremus,

850 1099 907 1131 3b.
932 1098 991 1137 Qui
1014 1101 1154 1130 nostram
1184 1101 1317 1139 propter
1340 1099 1473 1130 salutem

933 1154 1060 1177 earnem
1083 1146 1164 1177 sumi
1187 1146 1289 1177 voluit
1313 1148 1343 1177 et

930 1202 989 1233 pro
1014 1193 1105 1225 nobis
1130 1194 1291 1225 incarnari

849 1250 907 1283 4b.
929 1251 1038 1289 Atque
1061 1250 1186 1290 peregit

929 1297 1025 1329 valde
1049 1297 1207 1337 stupenda

928 1345 1097 1385 magnalia.

848 1401 904 1434 51).
925 1403 1002 1442 Ipse
1027 1404 1076 1433 est
1099 1402 1186 1433 salus
1208 1409 1286 1433 vera

928 1453 1023 1490 atque
1046 1450 1158 1489 virtus,

929 1498 981 1537 qui
1007 1506 1076 1528 cum
1100 1500 1194 1537 patre

930 1548 1044 1576 cuncta
1067 1544 1212 1585 largitur,

847 1601 904 1636 6b.
926 1602 1075 1634 Personis
1100 1602 1134 1633 in
1157 1601 1261 1633 tribus

927 1652 1116 1682 venerantes
1140 1658 1238 1680 umnn

930 1698 1088 1729 dieamus:
1115 1699 1235 1737 nostra,
1261 1696 1348 1728 Deus

928 1753 1058 1785 summe,
1084 1747 1174 1785 terge
1197 1744 1326 1784 probra.

846 1802 904 1834 7b.
925 1802 1025 1841 Quem
1047 1800 1241 1832 modulando
1266 1803 1322 1832 tua

928 1848 1020 1889 plebs
1045 1848 1158 1880 reboat
1181 1856 1265 1879 nune

164 1044 220 1075 2a.
247 1043 286 1075 In
311 1052 372 1083 quo
396 1043 467 1083 ipse
490 1043 674 1086 resurrexit,

165 1100 221 1133 3a.
248 1100 351 1131 Deum
376 1099 530 1131 videlieet
552 1102 677 1138 patrem

246 1155 285 1178 ae
308 1146 504 1187 unigenitum
529 1147 619 1177 simul

246 1194 416 1226 Dominum
442 1193 549 1226 Jesum
576 1194 747 1234 Christum,

162 1252 220 1284 4a.
245 1250 298 1282 Ex
322 1250 494 1282 benedicta

242 1297 368 1337 virgine
393 1300 489 1337 casta,

243 1347 346 1376 matre
369 1344 486 1377 Maria.

161 1404 217 1436 5a.
242 1402 318 1442 Ipse
339 1404 388 1433 est
411 1401 498 1433 Deus
524 1410 617 1434 verus

243 1453 338 1490 atque
362 1450 466 1489 homo,

243 1497 296 1537 qui
319 1505 390 1529 eum
414 1500 507 1537 patre

244 1547 358 1576 cuneta
382 1544 547 1585 gubernat.

160 1604 219 1635 6a.
244 1602 370 1642 Regens
395 1601 638 1642 gubernansque

244 1650 408 1682 continens
434 1652 466 1681 et
490 1650 618 1681 salvans

241 1698 327 1730 solus
353 1706 424 1729 eum
448 1700 542 1737 patre
566 1697 660 1729 simul

242 1747 415 1785 sanctoque
439 1745 564 1785 spiritu,

161 1803 179 1834 ’7
188 1811 217 1835 a.
243 1801 316 1833 Jam
343 1801 467 1833 debitas
491 1802 597 1844 hodie,

242 1857 310 1888 rex,
336 1848 448 1880 laudes
474 1851 581 1888 gratas

242 1896 377 1936 respice,
929 1896 1053 1929 devota.

560 1953 591 1986 8.
618 1953 665 1985 Te
689 1952 917 1992 sempiternum

617 2001 778 2033 viventem
802 2010 861 2041 per
884 2000 1020 2032 saecula.

233 2068 322 2103 Trop.
346 2075 401 2094 ms.
421 2067 604 2094 Nivernense
632 2075 707 2094 saec.
735 2064 778 2094 11.
805 2066 875 2094 Cod.
902 2066 1061 2094 Parisiens.
1089 2064 1174 2094 9449.
1200 2067 1235 2094 A.
1257 2081 1293 2085 —
1313 2067 1396 2094 Miss.
1417 2076 1469 2095 ms.

157 2105 187 2134 S.
207 2106 352 2133 Maturini
371 2105 529 2133 Parisiens.
551 2106 621 2132 anni
648 2102 730 2133 1510.
757 2102 826 2132 Cod.
846 2105 988 2132 Mazarin.
1012 2102 1069 2132 430
1089 2102 1165 2140 (233)
1183 2105 1217 2132 B.
1238 2120 1277 2124 —
1297 2104 1322 2140 1,
1347 2103 1364 2133 3
1384 2114 1470 2133 vene-

156 2144 251 2172 randa
269 2144 304 2171 A.
325 2158 364 2162 —
384 2141 434 2179 2a,
457 2142 471 2171 1
492 2144 528 2171 In
549 2143 626 2180 quod
645 2145 710 2179 ipse
728 2144 771 2177 A;
791 2145 824 2170 in
845 2152 901 2179 quo
917 2143 1051 2171 Christus
1070 2143 1105 2170 B.
1125 2159 1164 2163 -—
1182 2141 1235 2178 32,
1249 2141 1267 2170 2
1285 2141 1470 2179 unigenitum

156 2186 239 2211 tuum
264 2182 354 2210 simul
373 2183 407 2210 Β.
427 2198 465 2202 —
485 2182 637 2209 Zwischen
657 2182 713 2209 Str.
743 2180 785 2210 3a
805 2182 865 2209 und
885 2179 927 2209 3b
947 2182 1023 2218 folgt
1042 2183 1075 2209 in
1094 2182 1159 2210 AB:
1183 2182 1348 2210 Gaudentes
1370 2182 1470 2210 omnes

156 2225 245 2259 atque
273 2221 429 2248 laudantes
460 2221 558 2248 eunoti
585 2229 649 2248 cum
671 2220 803 2255 Christo,
836 2228 897 2248 was
927 2220 1011 2247 nieht
1037 2229 1093 2247 nur
1123 2220 1176 2248 das
1204 2220 1354 2248 Versmass
1387 2223 1468 2256 atem,

155 2260 283 2288 sondern
310 2259 386 2287 auch
411 2268 449 2287 an
476 2259 572 2286 dieser
599 2258 691 2286 Stelle
717 2259 836 2287 absolut
858 2258 968 2286 keineu
987 2258 1062 2286 Sinn
1080 2258 1140 2286 hat.
1180 2259 1286 2287 Dieses
1308 2259 1395 2288 Glied
1413 2261 1470 2287 wie

155 2299 212 2327 Str.
233 2296 275 2327 3b
299 2298 366 2326 sind
387 2300 420 2326 in
438 2298 464 2326 A
485 2298 601 2334 spatam
619 2297 766 2325 Zusehrift
785 2306 833 2325 am
852 2297 962 2325 Raude.
982 2312 1021 2317 —
1040 2294 1090 2332 43,
1110 2296 1123 2324 1
1144 2297 1187 2325 Et
1203 2297 1358 2325 benedicta
1375 2298 1410 2326 A.
1431 2314 1468 2318 —

153 2336 204 2373 43,
226 2335 244 2366 3
264 2339 358 2365 mater
376 2338 411 2366 A.
431 2352 471 2356 —
490 2337 540 2371 4b,
564 2334 578 2363 1
599 2337 700 2373 peregi
713 2336 747 2364 A.
766 2351 805 2354 —
824 2335 875 2366 5a.
894 2335 907 2363 1
931 2338 976 2364 est
987 2344 1075 2363 verus
1088 2336 1168 2364 Deus
1183 2337 1216 2364 B.
1232 2351 1268 2355 ——-
1280 2336 1332 2370 712,
1351 2335 1365 2364 1
1390 2337 1468 2371 Quas

153 2376 332 2404 modulando
353 2377 387 2404 B.
408 2391 445 2395 —
466 2374 551 2403 Nach
573 2375 630 2403 Str.
655 2373 674 2403 8
694 2375 769 2411 folgt
792 2376 824 2402 in
850 2375 875 2402 B
901 2375 993 2402 noch:
1029 2372 1074 2402 81)
1102 2375 1236 2403 Adorans
1263 2375 1352 2404 hodie
1374 2384 1469 2404 resur—

153 2417 268 2452 gentem
289 2423 355 2442 curn
374 2414 480 2452 gloria.
520 2412 546 2442 9.
566 2414 660 2442 Amen
682 2414 782 2441 dicant
797 2422 875 2441 nuno
895 2414 1003 2441 omnia.
