1653 2632
709 138 943 173 ..97-

170 221 230 254 8a.
259 220 355 255 Salve
380 227 483 258 sancti
508 237 565 261 vas
591 233 706 264 amoris
860 237 917 270 8b.
939 237 1007 270 Fac
1030 248 1090 279 per
1113 242 1228 273 mentis
1251 244 1424 283 puritatem

255 268 300 301 Et
326 272 472 306 coelestis
496 277 627 315 plenum
652 280 734 312 roris
943 284 1158 326 Contemplari
1183 289 1358 323 trinitatem

299 317 418 352 Nobile
441 331 501 361 per
526 326 642 366 omnia,
988 333 1025 364 1n
1050 343 1114 366 una
1132 336 1319 371 substantia.

243 382 331 410 Grad.
349 392 403 411 ms.
424 386 599 417 Praedicatt.
621 390 806 421 Oraeovieus.
833 403 856 422 s.
878 397 953 433 sign.
974 406 1049 426 saec.
1071 397 1144 428 15'10.
1165 401 1200 428 A.
1225 417 1264 422 —-
1286 404 1368 432 Miss.
1390 405 1478 434 Prae-

165 418 329 448 dicator-um
349 423 418 459 imp.
433 425 567 454 Venetiis
583 426 664 456 1523.
677 430 711 457 B.
731 446 766 451 —-
789 430 841 468 Gb,
862 431 879 460 2
900 435 1026 463 reddidit
1047 437 1078 464 Β.
1100 454 1136 458 --
1156 440 1240 468 Mel.:
1261 441 1306 468 Ad
1328 444 1476 479 exemplar

164 457 382 493 triumphantis¹

612 564 668 597 119.
708 566 751 598 De
770 570 876 601 saneto
897 571 1034 604 Andrea.

165 627 221 660 1a.
250 628 348 661 Ghori
371 632 475 663 nostri
495 633 636 672 jubilent
850 640 908 675 1b.
935 641 1030 682 Cujus
1057 647 1136 677 coeli
1161 656 1219 687 per
1244 650 1351 682 orbem

246 676 314 716 regi
340 678 538 720 symphonia,
933 694 1084 723 enarrant
1107 694 1252 737 gloriam,

162 743 219 775 2a.
245 742 333 774 Rore
358 743 520 777 verbifero
849 754 907 786 21).
932 757 992 796 Qui
1018 759 1115 791 corda
1139 761 1369 795 transformant

244 790 398 823 ariditate
421 792 527 832 rigida
932 804 1019 835 velut
1042 806 1142 838 nubes
1166 808 1200 840 in
1224 810 1333 844 maria.

161 858 179 889 :3
188 866 217 889 a.
244 858 283 890 In
309 859 380 898 quis
406 859 542 892 rutilans
849 866 907 900 3b.
927 867 970 900 Et
995 872 1118 903 sterilia

242 905 392 938 Andreas
417 906 506 939 sidus
930 918 1081 949 mentium
1108 920 1210 952 dumis

242 952 322 983 cluit
343 953 429 985 inter
929 971 1007 995 arva
1031 967 1126 998 vertit

243 1000 330 1031 clara
355 1001 463 1033 sidera
928 1009 960 1041 in
986 1010 1114 1047 fertilia.

158 1066 213 1097 -La-
241 1065 299 1104 Qui
326 1067 448 1099 semina
843 1075 905 1107 4b.
928 1077 1080 1116 Apostoli

240 1113 363 1152 passim
386 1116 509 1155 spargit
932 1124 983 1155 :ed
1008 1134 1071 1156 non
1097 1127 1183 1159 cedit

240 1160 352 1192 vitalia
361 1171 369 1200 3
928 1173 1114 1205 constantia.

238 1207 302 1238 Ast
324 1209 453 1249 Aegeae
925 1217 1007 1249 Nam
1031 1221 1176 1260 magistri

238 1263 321 1286 vana
925 1264 1045 1297 Christi

235 1302 408 1341 prohibere
427 1304 533 1336 tendit
923 1320 1010 1344 suam
1036 1314 1152 1346 tollens
1178 1324 1303 1348 crucem

239 1349 392 1381 cultorem
417 1350 551 1384 insania.
922 1360 1024 1391 tenuit
1047 1361 1190 1402 vestigia.

153 1415 210 1446 5a.
237 1414 314 1454 Quis
339 1424 407 1458 rex,
435 1417 525 1456 cujus
550 1418 669 1450 habent
838 1423 896 1456 5b.
920 1424 989 1456 Nec
1012 1434 1082 1458 esse
1105 1429 1186 1460 mori
1211 1430 1271 1461 sed

235 1464 265 1493 et
289 1463 371 1494 mori
917 1470 988 1504 fieri

231 1509 372 1548 palmam
398 1511 534 1552 agmina,
917 1519 1111 1553 immortalia
1119 1521 1134 1552 ἓ

150 1576 205 1608 ea.
233 1575 257 1607 O
284 1585 378 1615 quam
401 1577 577 1610 ineffabilia
836 1584 893 1618 61).
917 1586 941 1618 O
969 1595 1063 1626 quam
1088 1586 1181 1620 fortis
1205 1591 1359 1629 patiendo

231 1623 360 1655 virtutis
386 1628 517 1664 sperata
540 1627 702 1666 praemia!
916 1636 1011 1673 atque
1034 1635 1181 1667 miranda
1204 1637 1355 1671 victoria!

149 1690 202 1720 Ta.
231 1689 365 1722 Crucem
390 1699 488 1723 ovans
836 1700 854 1731 7
862 1698 894 1732 b.
919 1698 1001 1738 Quid
1027 1700 1156 1741 desipis,

228 1736 282 1775 pie
306 1737 426 1769 salutas
916 1747 986 1786 quis
1007 1747 1091 1779 hunc
1115 1750 1273 1785 terrebit?

228 1783 497 1825 amplecterisque
916 1796 1005 1834 optat
1030 1797 1183 1837 torqueri,

227 1833 373 1871 mortem,
400 1832 504 1864 virilis
524 1834 668 1867 Andrea.
916 1841 1032 1881 resipe‚
1057 1842 1156 1875 miser
1180 1845 1299 1884 Aegea.

144 1896 200 1929 Sa.
227 1896 286 1928 Vir
310 1895 399 1935 felix,
427 1907 489 1930 non
515 1901 630 1932 terreri
830 1905 888 1941 8b.
912 1907 972 1946 Qui
998 1916 1123 1940 crucem
1148 1911 1282 1951 gradum
1306 1911 1386 1945 facis

226 1945 343 1976 summi
366 1946 517 1985 paracliti
913 1955 956 1986 ad
981 1955 1085 1987 coelos
1110 1966 1270 2001 ascensus,

228 1992 306 2024 dant
332 1994 557 2035 consolamina,
912 2002 1065 2042 relinquis
1086 2004 1204 2039 infima.

141 2059 196 2092 ssa.
224 2057 308 2090 Nam
333 2058 373 2090 ab
399 2059 493 2092 humo
520 2070 657 2105 crucem,
830 2067 888 2101 910.
912 2073 978 2107 Quo
1003 2078 1061 2101 nos
1087 2072 1120 2102 te
1143 2076 1312 2111 precantes

221 2106 262 2138 de
288 2115 382 2138 cruce
399 2108 484 2147 petis
509 2109 630 2154 sidera,
911 2119 967 2148 tua
991 2117 1098 2149 levent
1123 2118 1291 2161 suffragia3

553 2176 607 2211 10.
633 2178 699 2211 Ubi
724 2181 939 2215 collaudemus

632 2226 736 2259 Deum
759 2232 892 2262 aeterna

630 2283 691 2314 per
714 2278 851 2311 saecula.

207 2346 291 2374 Miss.
312 2356 366 2375 ms.
386 2347 535 2377 Beceense
556 2357 632 2378 saec.
655 2349 698 2379 13.
720 2351 789 2381 cod.
810 2353 971 2383 Parisiens.
992 2353 1075 2384 1105.
1115 2357 1173 2385 Mit
1189 2358 1258 2386 Mel.

189 2397 314 2424 Dreves.
331 2399 474 2427 suquaentiae
490 2400 605 2424 Ineditae.
633 2402 666 2425 ΙΙ.
1251 2407 1268 2435 7
