1653 2632
707 148 967 183 —169—

542 243 573 275 6.
600 243 659 282 Qui
684 252 741 275 nos
767 244 903 276 redemit
927 245 959 277 in
985 246 1120 278 victoria

597 290 666 329 Ipsi
689 292 840 330 perennis
864 293 933 324 laus
959 295 988 324 et
1014 293 1125 333 gloria.

255 345 343 373 Grad.
371 355 424 374 ms.
452 349 638 378 Franciscan.
667 352 698 378 in
723 352 800 379 Hiils
826 360 901 380 saec.
928 352 973 381 15.
998 354 1034 381 A.
1058 370 1097 374 -—
1118 355 1201 381 Miss.
1229 364 1281 381 ms.
1308 355 1488 383 Novesiense

177 390 254 409 saec.
283 381 328 411 15.
351 384 421 412 Cod.
445 386 604 415 Parisions.
633 386 668 415 12
678 387 742 417 063.
762 390 797 417 B.
817 406 854 410 —
873 388 930 421 21»,
951 389 969 420 3
991 391 1127 419 Omnium
1147 392 1182 419 A.
1208 408 1239 409 ff
1260 390 1319 427 3a,
1342 391 1356 420 1
1379 393 1489 420 Parent

177 420 272 447 adluu¹
294 422 326 449 B.
347 437 386 441 —
405 422 457 456 411,
479 422 497 450 2
518 425 558 452 Et
578 427 686 454 amicta
705 429 821 455 variata
841 429 876 455 A.

622 509 687 540 226.
728 509 769 541 De
790 512 898 542 sancta
920 511 1045 543 Helena.

201 562 257 597 la.
285 565 325 596 ln
349 565 502 598 honorem
528 569 640 600 summi
666 569 749 609 regis
889 571 944 604 lb.
967 572 1074 604 Omnis
1099 573 1216 611 psallat
1238 581 1331 604 sexus
1357 574 1427 612 rite,

286 611 429 645 Psallant
451 615 555 655 gregis
580 624 680 647 novae
701 617 780 656 legis
968 619 1005 651 In
1031 619 1091 651 hoc
1113 617 1196 651 festo
1220 620 1316 660 vocis,
1342 621 1427 653 vitae

330 660 440 699 Fides,
464 669 537 701 spes
563 664 595 693 et
619 663 746 704 caritas,
1015 666 1112 698 Nulla
1140 666 1180 698 sit
1207 667 1388 707 disparitas.

200 714 255 745 2a.
283 714 481 748 Honoranda
505 726 565 757 quo
589 718 712 751 Helena
886 722 943 755 2b.
967 723 1085 755 Adstat
1110 723 1228 763 quippe
1254 725 1322 764 regi
1347 725 1423 757 data

283 761 371 794 Coeli
395 766 481 795 statu
503 765 570 804 jam
594 775 725 799 amoena
966 769 1105 811 Fulgens
1128 779 1233 802 secum
1259 774 1408 804 coronata

328 809 416 842 Vivit
440 811 625 852 multifario,
1013 818 1052 849 In
1076 818 1193 849 vestitu
1216 819 1313 851 vario.

199 866 254 898 321.
281 865 408 898 Nobilis
432 868 512 900 haec
535 879 554 901 a
576 873 709 909 parente
884 873 942 906 31».
967 873 1089 906 Dehine
1117 874 1334 907 Constantinus
1366 876 1468 916 divus,

282 913 461 954 Utrobique
486 920 695 957 praepotente
965 920 1179 953 Romanorum
1203 922 1415 962 praecipivus‚

328 961 403 993 Fuit
433 963 657 1004 Treverigena‚
1011 968 1135 1009 Regnat
1160 969 1367 1009 Helenigena.

195 1018 252 1049 4a.
279 1016 322 1048 Et
348 1018 427 1050 haec
451 1020 531 1052 vitat
556 1023 734 1061 paganismi
881 1024 941 1057 4b.
963 1024 1050 1057 Visis
1075 1033 1094 1056 a
1119 1024 1272 1057 Silvestro
1298 1026 1395 1066 signis

278 1065 370 1097 Fana
395 1074 429 1097 se
456 1067 534 1099 dans
560 1068 718 1101 Judaismi
964 1071 1152 1110 Baptizatur
1175 1070 1240 1103 fide
1266 1072 1369 1112 dignis

325 1112 453 1145 Ritibus
478 1114 644 1155 legalibus,
1009 1118 1116 1159 Digna
1138 1119 1345 1158 spiritalibus.

195 1169 251 1201 52.
278 1168 369 1200 Votis
396 1169 523 1203 Christo
548 1180 622 1204 mox
646 1174 754 1205 arrisit
881 1174 938 1206 51).
961 1174 1069 1215 ludos,
1096 1175 1262 1215 Armenos,
1289 1175 1392 1215 Ibere,

279 1215 408 1248 Crebris
428 1226 551 1250 necnon
568 1228 695 1251 manum
712 1221 797 1253 misit
961 1222 1071 1261 Teque
1094 1220 1157 1253 fert
1183 1223 1224 1254 ad
1250 1231 1340 1254 sacra
1366 1231 1440 1255 vere

325 1263 415 1295 Haec
438 1263 531 1297 fortis
558 1267 599 1298 ad
625 1265 732 1304 fortia,
1007 1269 1103 1301 Fidei
1128 1270 1294 1301 consortia.

195 1320 251 1351 da.
280 1320 434 1360 Princeps
460 1325 570 1354 sancta
596 1323 737 1356 visitavit
880 1324 938 1358 6b.
961 1325 1066 1357 Pallet
1090 1324 1178 1357 fraus
1203 1328 1279 1357 tunc
1303 1326 1442 1358 Arriana

275 1367 364 1399 Loca
390 1368 480 1400 donis
508 1372 537 1401 et
565 1370 686 1402 dotavit
961 1371 1025 1404 Sed
1051 1375 1081 1403 et
1099 1372 1217 1405 Christi
1244 1373 1357 1404 crescit
1383 1374 1481 1413 plana

324 1415 371 1446 Ea
396 1416 635 1457 multiplicibus,
1007 1419 1106 1451 Fides
1131 1420 1164 1450 in
1189 1419 1347 1454 fidelibus.

192 1472 210 1502 7
219 1479 247 1505 a.
273 1470 316 1503 Et
342 1472 388 1503 sic
413 1481 506 1504 sacra
530 1477 682 1513 operatur
878 1477 896 1508 ’7
905 1476 935 1508 b.
958 1476 1040 1516 Regi
1066 1484 1175 1516 regum
1201 1479 1290 1508 tanta
1315 1477 1404 1517 vivit,

272 1518 373 1551 Simul
398 1528 521 1560 quoque
547 1523 780 1562 contemplatur
959 1524 1033 1556 Vita
1058 1532 1169 1563 parem
1193 1527 1227 1555 ut
1252 1524 1337 1556 hunc
1361 1525 1456 1557 scivit

320 1566 426 1598 Vitam
452 1576 565 1608 gerens
589 1570 755 1612 geminam,
1006 1571 1107 1603 Nemo
1131 1569 1201 1603 fore
1226 1570 1386 1605 feminam.

189 1624 245 1655 sn.
271 1623 372 1656 Vacat
397 1627 500 1657 mater
524 1625 603 1657 haec
628 1627 733 1666 egenis
875 1627 934 1662 8b.
957 1628 1052 1660 Ultro
1077 1628 1201 1668 quaerit
1228 1629 1330 1660 crucis
1346 1629 1476 1669 lignum,

272 1671 377 1704 Corde
401 1672 467 1712 pia7
494 1672 591 1704 verbo
615 1674 697 1705 lenis
958 1675 1102 1715 Reperit,
1127 1676 1246 1707 exaltat
1273 1676 1401 1716 dignum

320 1718 486 1759 opereque
511 1719 656 1760 stabilis3
1003 1722 1116 1755 Laude
1140 1723 1355 1762 peramabilis.

189 1776 244 1808 Oa.
272 1775 375 1815 Reges
401 1784 492 1808 sacra
517 1779 582 1808 tres
608 1777 734 1817 collegit
875 1778 933 1811 ab.
953 1778 1088 1810 Demum
1101 1779 1205 1818 carpit
1214 1779 1294 1810 haec
1303 1788 1473 1819 supernum

270 1822 315 1854 Et
338 1822 497 1855 Thebaeis
522 1824 623 1856 multa
647 1825 710 1864 egit
955 1826 1100 1866 Regnum
1116 1834 1252 1867 regnans
1265 1827 1299 1858 in
1312 1830 1476 1859 aeternum

319 1870 425 1903 Sacris
449 1870 610 1913 libatoria⁷
1004 1872 1131 1905 Celebri
1155 1874 1315 1906 memoria.

163 1927 244 1960 IOa.
271 1926 315 1958 Et
339 1926 478 1967 benigna
502 1928 550 1959 sic
572 1931 717 1960 matrona
849 1930 929 1963 10b.
954 1929 1048 1962 Faxit
1073 1939 1148 1970 ergo
1173 1930 1260 1962 Deus
1287 1931 1326 1973 ei,

269 1973 394 2012 Gustat‚
421 1974 519 2012 videt,
547 1975 614 2015 ejus
639 1975 722 2008 bona
953 1977 999 2010 Ut
1023 1977 1067 2009 sit
1092 1977 1184 2009 nobis
1209 1979 1331 2018 requiei

316 2021 375 2054 Est
401 2023 590 2063 negotiat103
1000 2026 1121 2065 Perpes
1147 2034 1253 2057 secum
1278 2027 1383 2060 statio.

237 2078 323 2106 Grad.
356 2086 408 2106 ms.
434 2079 639 2115 Margarethae
664 2079 818 2108 Sclieiffiu·t
844 2081 880 2109 de
901 2081 1029 2109 Mei-ode.
1057 2089 1133 2108 saec.
1162 2079 1206 2109 15.
1229 2081 1298 2109 Cod.
1326 2083 1375 2110 lat.
1404 2080 1470 2112 259.

158 2117 273 2144 Mu—aoi
294 2116 469 2153 Hungariei.
489 2132 527 2136 ——
542 2117 627 2145 Mel.:
648 2118 798 2153 Majestati
818 2122 1031 2147 sacrosanctae.
1048 2135 1086 2139 —
1102 2117 1172 2154 th,
1195 2117 1210 2147 1
1230 2120 1316 2148 Fecit
1335 2129 1403 2157 ergo
1418 2120 1473 2149 Hs.

597 2200 662 2231 227.
702 2201 744 2233 De
764 2203 874 2234 sancta
893 2202 1029 2234 Hemina.

157 2263 214 2297 la.
241 2262 444 2294 Hierusalem
470 2270 618 2302 superna,
847 2263 903 2298 lb.
923 2263 1013 2295 Haec
1037 2273 1111 2296 nam
1136 2264 1355 2297 coelicolatum

240 2310 315 2342 Tibi
339 2312 434 2342 aucta
459 2313 505 2342 est
532 2311 663 2342 lucerna
928 2312 1004 2344 Plus
1030 2321 1124 2352 quam
1148 2312 1368 2345 terricolatum

240 2358 402 2391 Virtutum
425 2358 565 2390 omnium
589 2358 715 2390 laterna
925 2359 1048 2391 Dilexit
1069 2360 1252 2401 incolatum,

286 2407 323 2439 In
349 2409 462 2439 saneta
485 2406 621 2438 Hemma
646 2406 771 2450 clarius,
975 2407 1105 2440 Transit
1127 2408 1201 2440 hinc
1228 2407 1362 2443 felicius.
