1653 2632
705 145 866 181 —291
922 167 970 171 —

184 238 240 271 7a.
265 238 355 271 Audi
378 248 437 271 nos
873 242 930 276 ¹?b.
953 243 1050 277 Salva
1073 253 1130 276 nos

264 286 312 317 tui
337 287 490 328 martyris
514 288 766 321 Emmerami
953 290 1209 331 Dionysiae
1233 290 1485 333 Wolfgangi

264 337 409 374 precatu.
957 341 1080 379 rogatu.

183 391 240 423 8a.
266 390 320 423 Da
343 389 465 424 fontem
491 392 630 433 quinque
654 394 765 426 rivulis
872 395 930 429 8b.
959 396 1024 435 Quo
1049 396 1164 427 haustu
1191 396 1291 427 dulcis
1316 396 1439 436 gratiae

267 446 393 470 crucem
418 438 604 472 fundentem
630 441 789 481 supplices
953 443 1075 483 gloriae
1098 445 1172 475 tuae
1193 442 1317 483 perfrui

266 486 423 519 mundare
444 486 592 530 famulos,
954 490 1082 522 valeant
1106 489 1200 524 facie.

624 546 656 578 9.
684 545 917 578 Christianismi
938 555 1055 579 nomen

682 596 713 624 et
738 602 830 625 omen

682 639 735 672 fac
758 641 859 682 unire,

680 690 717 719 ut
740 688 773 720 in
795 688 848 720 die
870 689 940 721 irae

384 756 441 780 ¹⁴*-
682 744 753 767 eum
776 736 888 769 ovibus
913 745 971 768 nos
994 736 1115 769 dextris

682 781 792 825 facias,
816 786 937 824 auctor,

679 833 714 862 at
737 833 770 862 te
793 830 942 863 transire.

259 888 347 916 Grad.
374 896 429 917 ms.
448 889 621 917 Mellicense
648 887 731 917 1056.
752 898 828 918 saec.
850 889 895 918 14.
915 892 956 918 in.
976 891 1010 918 A.
1033 907 1069 911 —
1088 891 1171 919 Miss.
1193 900 1245 919 ms.
1267 891 1296 919 S.
1317 890 1496 919 Emmerami

186 934 261 953 saec.
288 924 332 953 15.
362 925 434 953 01111.
461 927 630 954 Mcnacens.
659 926 694 955 14
706 926 770 955 623.
797 929 830 956 Β.
850 944 878 948 -
907 929 990 956 Miss.
1017 937 1069 956 ms.
1093 929 1122 957 S.
1141 929 1320 957 Emmerami
1345 937 1419 956 saec.
1450 927 1494 956 15.

186 964 259 992 Clm.
279 964 449 992 Monacens.
479 963 516 992 14
525 963 590 992 450.
612 965 642 993 C.
664 980 699 985 —
719 966 802 993 Miss.
822 974 876 994 ms.
898 966 927 994 S.
947 966 1127 994 Emmerami
1146 969 1216 994 anni
1237 965 1319 994 1406.
1341 966 1413 994 Olm.
1433 967 1497 994 Mo-

182 1010 301 1030 nacens.
330 1001 366 1030 14
376 1001 441 1030 045.
465 1003 504 1030 D.
530 1019 567 1024 —
593 1000 651 1038 2a,
677 1001 695 1029 2
724 1012 766 1039 sq.
792 1005 891 1040 tangit
915 1004 958 1031 nil
983 1004 1081 1032 fehlen
1106 1005 1141 1032 A.
1164 1020 1202 1024 —
1221 1003 1278 1038 212,
1306 1002 1324 1031 2
1351 1005 1498 1032 sabin-bae

182 1040 215 1068 B.
233 1057 270 1061 —
286 1039 338 1076 4a,
359 1039 377 1067 2
399 1042 467 1068 m'su
479 1041 554 1068 fehlt
563 1041 598 1068 A.
613 1056 651 1060 —
667 1040 720 1075 5b,
741 1042 760 1069 4
780 1043 874 1069 trinus
896 1044 926 1069 et
943 1051 1019 1069 unus
1041 1051 1113 1078 quos
1127 1043 1174 1078 13.;
1195 1051 1271 1070 unus
1297 1045 1326 1070 et
1339 1042 1417 1077 quod
1430 1044 1497 1070 unit

182 1078 219 1107 Α.
241 1094 279 1098 -
299 1077 356 1113 6a,
378 1076 396 1107 8
420 1079 524 1106 sitient
541 1079 576 1106 A.
596 1092 635 1097 -—
656 1078 713 1115 612,
738 1078 756 1106 4
781 1081 906 1107 siccetur
925 1080 958 1107 B.
977 1094 1015 1098 —
1036 1080 1092 1116 7a,
1113 1078 1131 1108 3
1156 1081 1291 1117 precibus
1311 1080 1345 1107 A.
1367 1095 1403 1099 -
1423 1078 1457 1114 9,
1478 1078 1496 1108 5

183 1125 250 1144 cum
274 1117 409 1144 omnibus
430 1125 485 1144 nos
505 1116 540 1143 A.
561 1132 600 1137 —-
620 1117 703 1145 MeL:
725 1118 788 1145 Ave
807 1118 967 1152 praeclara.

631 1190 699 1222 399.
738 1189 782 1222 De
803 1190 943 1231 quolibet
964 1191 1054 1223 festo.

183 1247 240 1281 ia.
265 1246 379 1278 Laude
403 1246 492 1279 clara
517 1247 711 1279 canticorum
871 1247 929 1282 lb.
950 1248 1011 1288 Qui
1035 1248 1075 1280 de
1097 1250 1199 1280 matre
1221 1248 1384 1280 incarnari

265 1294 439 1337 Christum,
464 1302 572 1335 regem
596 1295 789 1335 angelorum,
952 1295 1059 1336 Venit,
1081 1298 1118 1327 ut
1138 1295 1185 1327 sic
1208 1294 1377 1328 reformari

310 1341 462 1374 Laudent
485 1341 563 1374 Sion
586 1341 682 1383 filiae,
999 1342 1107 1375 Possit
1131 1345 1232 1375 status
1257 1343 1388 1383 gratiae.

180 1401 237 1434 2a.
264 1400 305 1432 In
324 1399 474 1439 praesepi
498 1398 673 1430 reclinatur
870 1399 929 1432 2b.
949 1399 1058 1438 Fame,
1085 1399 1137 1431 siti
1162 1399 1332 1440 cruciatur⁷

262 1446 308 1479 Et
332 1455 352 1478 a
375 1446 476 1486 magis
501 1446 662 1486 adoratur,
951 1446 1166 1489 Reprobatur,
1191 1445 1384 1487 perforatur,

309 1494 387 1527 Post
410 1494 491 1525 haec
513 1494 633 1533 templo
659 1494 792 1535 sistitur,
998 1494 1073 1526 Vita
1097 1497 1199 1526 morte
1223 1494 1391 1528 clauditur.

179 1554 236 1586 3a.
263 1551 397 1584 Samson
425 1553 539 1591 portae
562 1551 672 1582 valvas
697 1551 812 1591 pandit
869 1551 928 1585 3b.
949 1551 1003 1584 Sic
1026 1553 1060 1583 te
1082 1551 1169 1584 tribu
1192 1552 1279 1585 Juda
1301 1550 1394 1584 fortis

260 1599 306 1632 Et
329 1600 497 1639 asportans
520 1601 661 1630 montem
685 1598 812 1631 scandit
950 1598 1017 1631 Leo
1042 1599 1145 1639 portis
1169 1597 1279 1631 fractis
1303 1599 1415 1631 mortis

311 1646 400 1679 Mira
424 1655 494 1677 cum
518 1646 672 1689 potentia,
996 1646 1058 1678 Die
1078 1646 1181 1687 surgit
1201 1647 1307 1679 tertia.

179 1706 243 1738 4a.
269 1703 382 1736 Victor
405 1703 518 1734 turmis
544 1711 615 1734 cum
640 1703 762 1735 duabus
868 1703 928 1737 4b.
949 1703 1042 1736 Nova
1065 1702 1159 1744 festa,
1190 1703 1273 1735 mira
1294 1707 1392 1744 gesta,

264 1751 398 1791 Angelis
423 1753 456 1782 et
478 1750 644 1783 animabus
948 1751 1046 1792 Regis
1070 1753 1180 1782 nutum
1206 1753 1238 1783 et
1260 1750 1404 1783 obtutum

309 1798 410 1831 Redit
433 1797 476 1830 ad
497 1798 630 1839 palatia,
997 1798 1096 1830 Trina
1120 1799 1231 1830 tremit
1253 1799 1349 1838 regia.

180 1857 241 1890 5a.
267 1856 293 1889 Ο
318 1864 413 1896 quam
438 1853 518 1887 felix
543 1855 665 1898 civitas,
869 1855 927 1889 5b,
951 1856 1095 1895 Sanetus,
1124 1855 1212 1895 cujus
1228 1855 1325 1887 hodie

312 1904 411 1944 Quam
433 1903 577 1943 jucunda
596 1903 694 1946 curia,
996 1903 1114 1943 Agitur
1137 1903 1331 1944 solemnitas,

260 1953 300 1985 In
325 1960 388 1992 qua
411 1951 521 1992 sponsi
544 1951 683 1991 claritas,
952 1950 1047 1983 Clara
1069 1959 1178 1991 regem
1199 1949 1281 1983 facie

309 1999 416 2032 Datur
441 1998 543 2031 omnis
573 1999 684 2040 gratia.
998 1998 1071 2031 Jam
1095 1998 1185 2031 videt
1207 1998 1241 2030 in
1266 1999 1376 2039 gloria.

179 2060 235 2093 6a.
258 2057 332 2090 illic
356 2057 467 2098 regina
492 2056 651 2088 coelorum
869 2057 926 2091 6b.
946 2057 1034 2089 Rosa
1057 2055 1174 2087 rubens
1200 2057 1232 2087 et
1255 2054 1313 2088 flos
1333 2054 1447 2089 florum

260 2105 364 2146 Super
389 2105 502 2137 choros
531 2105 714 2145 angelorum
951 2103 1030 2137 Cum
1053 2103 1196 2135 exercitu
1219 2106 1400 2136 sanctorum

309 2152 426 2193 Fulget
448 2152 483 2184 in
507 2152 640 2193 rosario,
997 2151 1065 2183 Nos
1091 2151 1290 2183 commendet
1313 2150 1399 2194 fili03

577 2210 609 2243 7.
636 2208 683 2242 Ut
705 2209 738 2241 in
762 2208 827 2241 fine
850 2209 920 2241 sine
943 2208 1007 2241 fine

634 2257 700 2289 Det
724 2266 782 2289 nos
807 2256 872 2289 frui
897 2266 967 2289 cum
990 2256 1094 2288 beatis

634 2304 716 2337 Suae
740 2305 831 2339 vultu
856 2304 1023 2337 claritatis.

254 2368 343 2397 Grad.
372 2376 426 2395 ms.
446 2367 634 2395 F'ranciscan.
656 2375 731 2395 saec.
754 2365 798 2395 14.
820 2366 890 2394 Cod.
910 2366 1050 2402 Pragens.
1070 2365 1086 2393 Ι
1105 2366 1132 2393 Ε
1155 2364 1199 2394 14.
1219 2367 1254 2394 A.
1274 2381 1312 2386 —
1332 2367 1419 2396 Grad.
1440 2377 1494 2396 ms.

177 2408 404 2436 Constantiense
426 2414 502 2434 saec.
524 2404 569 2434 14.
585 2405 654 2433 Cod.
675 2405 748 2433 bibl.
770 2405 851 2442 publ.
873 2402 956 2433 1405.
971 2405 1003 2432 B.
1019 2420 1056 2424 —
1071 2402 1085 2431 1
1097 2412 1121 2440 a,
1145 2403 1163 2432 2
1180 2405 1280 2441 Ipsum
1295 2414 1393 2442 regem
1407 2407 1441 2435 B.
1457 2422 1492 2427 —

175 2447 230 2482 4b,
255 2444 273 2475 3
293 2446 394 2474 tremit
412 2446 503 2481 regio.
523 2444 558 2472 A.
580 2461 617 2465 —-
637 2444 664 2480 7,
685 2442 703 2472 3
722 2444 810 2472 vultu
830 2443 992 2479 majestatis
1012 2443 1045 2470 Β.
1261 2480 1321 2511 19*
