1653 2632
130 238 186 272 72.

150 811 206 842 2a.

149 963 204 994 3a.

146 1211 204 1243 4a.

146 1362 200 1394 5a.

145 1514 200 1546 6a.

145 1665 198 1697 72„

146 1817 201 1849 8a.

144 1970 200 2003 9a.

117 2123 198 2157 lOa.

115 2276 196 2310 11a.

663 166 703 170 —
754 147 919 182 269—

213 238 263 270 Tu
287 248 362 280 ergo
388 245 452 272 tam
480 243 603 274 excelse
626 243 687 275 Dei

212 286 325 328 Nobis,
353 288 407 328 qui
432 293 507 320 sunt
529 289 599 321 Deo
625 291 681 331 rei,

259 334 317 367 Pio
342 344 492 368 succurre
516 336 674 378 suffragio,

819 244 876 277 7b.

898 245 945 278 Ut
968 245 1123 284 possimus
1150 253 1350 287 conregnare,

899 292 973 324 Tibi
997 300 1122 331 semper
1148 295 1177 323 et
1201 293 1335 324 laudare

945 340 1076 372 Trinnm
1103 342 1230 371 aeterno
1251 339 1402 378 tripudio.

204 418 289 447 Miss.
317 428 369 447 ms.
398 420 600 448 Zwethalense
626 419 681 449 229
709 430 784 449 saec.
810 420 854 450 14.
883 423 948 450 add.
974 431 1049 451 saec.
1078 422 1122 451 15.
1148 424 1183 450 A.
1212 437 1249 442 —
1274 423 1357 450 Miss.
1384 432 1442 449 mv.

126 456 309 485 Voraviense
332 457 368 487 35
390 466 466 486 saec.
490 457 533 485 14.
555 459 587 486 Β.
610 460 684 487 ohne
703 460 874 488 Varianten.

544 578 610 610 369.
651 579 693 610 De
712 579 820 610 sancto
843 579 1031 611 Wenceslao.

565 659 596 692 1.
622 658 721 690 Festa
745 662 851 690 mente
871 660 1090 700 jucundemur,

622 707 721 738 Festa
748 715 826 738 voce
849 715 1035 738 veneremur

668 753 762 785 Diem
786 754 975 794 natalitium,

235 810 301 849 Quo
329 813 378 842 est
401 813 496 842 natus
521 811 571 842 vir
594 810 717 850 beatus,

231 857 440 889 Wenzeslaus
465 857 534 890 Deo
562 861 670 898 gratus

278 906 318 938 In
340 908 429 937 terra
449 905 632 942 viventium,

231 962 352 994 Ducem
379 962 476 993 istum
500 962 712 994 Bohemorum

230 1057 304 1089 Lux
327 1057 542 1097 inargentavit
565 1065 698 1093 morum,

278 1152 443 1184 Inauravit
466 1151 583 1191 passio,

231 1209 348 1248 Vitam,
380 1210 515 1239 mortem
540 1207 749 1247 revolvamus,

229 1256 274 1288 Et
298 1256 345 1287 sic
371 1256 455 1288 diem
478 1255 563 1286 hunc
589 1255 738 1286 ducamus

276 1303 315 1335 ln
339 1303 450 1334 salutis
476 1302 584 1341 otium,

228 1360 305 1392 Flos
332 1360 479 1399 explosus
504 1368 626 1390 morum
652 1359 734 1390 viam

229 1408 337 1440 David
362 1407 464 1438 sancti
484 1406 685 1446 prophetiam

273 1454 421 1486 Festinat
445 1454 620 1496 addiscere,

227 1513 338 1544 Annos
364 1511 466 1550 surgit
489 1511 523 1542 in
547 1510 682 1549 majores

226 1559 272 1592 Et
295 1559 330 1590 in
354 1567 459 1590 ramos
485 1556 633 1589 fortiores

274 1607 391 1639 Planta
415 1605 476 1637 Dei
503 1608 622 1647 tenera,

225 1664 380 1696 Elevatur
401 1663 467 1702 Jam
491 1663 632 1694 lucerna.

226 1712 325 1751 Quam
350 1710 499 1741 accendit
521 1710 578 1741 lux
598 1719 746 1750 superna,

275 1758 421 1790 Flamma
445 1757 548 1789 sancti
572 1757 722 1799 spiritus3

228 1815 341 1848 Honor
365 1823 468 1846 mores
492 1823 555 1845 non
581 1815 747 1855 pervertit,

226 1863 265 1895 In
289 1863 422 1894 salutem
448 1871 537 1894 arma
559 1862 658 1893 vertit

273 1910 445 1944 Potestatis
470 1909 613 1949 gloriam,

229 1968 326 2007 Cujus
350 1976 460 1999 sensus
487 1968 600 1998 cuncta
625 1967 715 2008 regit,

225 2016 366 2049 Messem
390 2024 486 2046 unam
511 2014 579 2055 regi
602 2014 690 2054 legit,

270 2064 324 2105 Ut,
352 2071 432 2103 quae
457 2064 531 2094 sunt
556 2063 704 2102 carnalia,

226 2122 306 2154 Post
325 2121 406 2152 haec
421 2119 533 2151 mortis
550 2119 590 2151 de
604 2122 747 2151 torrente

223 2170 341 2202 Fratre
371 2167 454 2200 bibit
476 2170 696 2208 persequente,

272 2216 337 2249 Sed
362 2215 479 2248 transit
501 2215 704 2258 absinthium,

223 2274 461 2307 Fraudulenter
484 2273 648 2313 invitatur,

221 2323 328 2363 Venit,
355 2322 457 2361 sedet,
483 2320 640 2361 epulatur,

221 2372 287 2404 Ter
312 2370 435 2409 ebullit,
461 2372 511 2401 ter
535 2369 666 2401 sedatur

268 2418 396 2452 Fratris
422 2416 511 2450 furor
535 2415 670 2457 impius3

835 811 892 843 2b.

834 962 891 995 3b.

831 1206 889 1240 4b.

832 1357 889 1391 5b.

831 1509 888 1543 6b.

830 1661 887 1694 7b.

831 1813 890 1847 8b.

830 1966 889 2000 9b.

805 2120 888 2153 1010.

804 2271 887 2306 11b.

916 811 983 850 Qua
1006 819 1092 842 mem·
1119 819 1243 850 semper
1264 810 1434 851 habitavit,

917 859 998 891 Caro
1027 859 1099 890 dum
1124 858 1176 889 hic
1198 858 1384 898 aggravavit

965 905 1118 945 Spiritum
1143 905 1311 946 egregium.

913 962 999 994 Illud
1021 962 1128 1001 junxit

1009 1009 1092 1040 hunc
1118 1008 1359 1049 confessoribus,

913 1056 985 1087 Hoc
1009 1056 1158 1087 honorem

1008 1103 1097 1134 auxit
1119 1103 1322 1142 martyribus,

964 1151 1032 1182 Ista
1058 1150 1125 1182 dies
1149 1150 1225 1182 filio.

912 1207 955 1239 Et
980 1206 1254 1246 praecordialibus

913 1254 1007 1286 Prius
1034 1254 1144 1286 demus
1170 1254 1298 1286 vocibus

959 1301 1053 1333 Vitae
1079 1301 1179 1333 dulcis
1204 1301 1314 1332 lilium.

908 1357 1012 1390 Nudis
1037 1358 1155 1397 plantis
1183 1358 1308 1389 domum
1331 1357 1394 1389 Dei

913 1406 998 1437 Puer
1023 1406 1092 1437 adit
1115 1405 1217 1436 bonae
1239 1405 1318 1444 spei,

962 1452 1032 1484 Deo
1057 1453 1166 1484 studet
1189 1452 1339 1491 psallere.

911 1510 1012 1548 Intus,
1039 1511 1129 1540 extra
1147 1508 1262 1540 crescit
1278 1509 1436 1549 myrthus,

912 1556 1026 1588 Totam
1050 1559 1170 1588 terram
1193 1556 1311 1595 myrthi
1332 1556 1438 1588 virtus

958 1604 1076 1644 Replet
1101 1602 1270 1636 odorifera.

915 1660 1042 1693 Gaudet
1065 1663 1133 1692 tota
1156 1661 1254 1702 regio,

913 1709 992 1741 Tam
1016 1709 1135 1740 illustri
1160 1709 1251 1740 radio

960 1756 1100 1788 Radiata
1125 1756 1266 1788 coelitus.

915 1813 1009 1847 Caeci
1032 1814 1148 1852 lumen,
1177 1813 1283 1845 claudi
1306 1822 1363 1853 pes

911 1861 1046 1901 Viduae,
1074 1861 1191 1901 pupilli
1215 1869 1298 1901 spes,

959 1909 1027 1940 Deo
1052 1908 1191 1940 reddens
1216 1909 1353 1942 latriam.

912 1965 1020 1997 Verbo
1045 1966 1148 2005 patris
1174 1969 1335 2008 operante,

913 2013 1087 2046 Sacerdote
1111 2013 1312 2045 ministrante

956 2061 1055 2093 Fiant
1078 2061 1248 2100 spiritalia.

910 2119 979 2151 Deo
1002 2118 1123 2157 justum
1149 2118 1319 2156 exaltante,

909 2166 1028 2198 Rosam
1053 2165 1135 2198 rosis
1160 2169 1352 2206 aggregante

958 2213 1131 2245 Dulcorem
1155 2213 1188 2244 in
1212 2213 1352 2248 nimium,

910 2271 1049 2310 Tempus
1065 2270 1169 2302 noctis
1188 2270 1251 2302 dux
1270 2271 1434 2311 sequentis

910 2319 978 2353 Piis
1002 2317 1131 2350 transiit
1154 2318 1311 2358 lamentis,

909 2367 988 2399 Piae
1011 2365 1126 2397 mentis
1154 2365 1323 2406 alimentis,

955 2414 1033 2448 Piae
1054 2414 1166 2446 mortis
1191 2414 1364 2454 praescius,
