1653 2632
687 114 946 149 -262—

611 207 677 238 359.
716 207 760 238 De
780 207 891 237 sancta
909 206 1036 238 Ursula.

171 281 227 314 la.
252 281 377 319 Agnum
404 287 553 319 sponsum
577 278 744 318 virginum,
852 277 910 310 1b.
933 276 1100 316 Virginum
1122 275 1272 308 victorias

249 327 368 367 Regem
392 335 502 366 regum
526 325 705 365 Dominum,
932 324 977 356 Et
1001 325 1153 355 coelestes
1177 322 1296 362 gratias

301 374 415 407 Omnes
445 373 623 412 adoremus,
980 371 1081 403 Laete
1106 370 1319 402 decantemus.

170 434 226 465 2a.
252 431 343 463 Haec
367 433 441 462 sunt
462 430 551 461 milia
572 429 709 469 undena,
851 427 909 461 2b.
929 428 1044 467 Rosae,
1070 427 1192 468 stellae,
1217 427 1418 467 margaritae,

250 478 359 510 Turba
382 476 475 509 fortis
500 479 530 508 et
555 485 676 516 serena,
932 475 1081 517 Rubent,
1122 474 1258 514 micant,
1296 474 1476 516 splendent,

1247 521 1333 553 vitae

298 572 446 611 Pugnans
473 579 541 602 cum
567 570 708 611 victoria,
982 569 1076 601 Clara
1098 569 1276 601 luminaria.

172 631 227 663 3a.
255 629 332 662 Cum
359 628 497 659 candore
520 627 670 666 virginali
852 626 908 659 3b.
932 627 1031 666 Quam
1047 626 1170 666 beatae,
1196 635 1287 665 quam
1306 624 1474 665 formosae,

250 675 296 708 Et
321 683 433 706 cruore
456 674 642 714 triumphali
932 674 1032 713 Quam
1055 676 1209 716 sacratae,
1237 673 1411 705 luminosae

298 722 462 754 Scandunt
485 722 528 754 ad
553 721 711 754 coelestia.
979 721 1117 761 Fulgent
1140 729 1224 752 nunc
1246 721 1280 752 in
1305 720 1416 761 gloria.

169 781 227 813 42..
255 780 371 819 Spreta
402 777 480 810 felix
503 778 623 811 Ursula
850 778 907 811 4b.
930 777 1021 809 Serto
1045 778 1126 809 nitet
1149 778 1246 817 regio,

250 826 366 859 Mundi
390 826 481 866 regni
504 824 606 857 infula
931 825 971 857 1n
992 825 1070 856 coeli
1094 825 1214 864 palatio

250 873 296 906 Et,
318 873 403 905 virili
429 873 543 913 copula
933 872 1055 912 Sponso
1080 872 1163 912 regis
1187 870 1253 903 filio

297 921 335 953 1n
359 920 454 952 coelis
478 921 625 959 laetatur,
981 919 1107 951 Christo
1133 919 1308 959 copulatur.

170 979 225 1011 5a.
251 978 345 1017 Legit
366 977 504 1018 virgines
531 977 672 1015 decoras,
851 976 910 1009 5b.
932 975 1057 1008 Cadunt
1080 984 1154 1007 oves
1179 975 1367 1017 trucidatae,

251 1024 334 1063 Quas
358 1024 494 1057 vocabat
517 1025 559 1056 ad
585 1032 726 1064 coronas,
930 1023 1060 1055 Rubent
1083 1031 1175 1054 rosae
1200 1025 1392 1062 cruentatae,

250 1072 437 1112 Baptizatae
460 1072 578 1103 tollunt
600 1080 715 1110 moras,
931 1071 1059 1103 Intrant
1082 1078 1217 1110 sponsae
1236 1070 1283 1101 sic
1300 1072 1475 1110 gemmatae

298 1119 460 1160 Navigant
485 1118 664 1159 Coloniam3
976 1118 1016 1149 In
1042 1118 1208 1149 coelestem
1234 1118 1362 1150 curiam.

170 1176 225 1208 62..
251 1175 318 1207 Nos
343 1176 472 1207 totalem
497 1174 561 1207 fide
585 1174 710 1214 fortem,
851 1173 908 1207 6b.
930 1174 977 1206 Ut
1002 1174 1159 1206 coelorum
1186 1174 1281 1205 corde
1305 1174 1416 1206 mundi

249 1223 444 1263 ‘Virginalem
468 1223 551 1254 hanc
574 1223 730 1254 cohortem
931 1222 1009 1254 Post
1032 1221 1115 1253 hanc
1138 1222 1236 1253 vitam
1260 1221 1446 1253 laetabundi

300 1269 453 1302 Canamus
477 1269 665 1310 praeconiis,
978 1267 1184 1301 perfruamur
1208 1269 1342 1308 gaudiis.

244 1334 379 1371 Sequent.
399 1343 452 1361 ms.
465 1334 642 1362 Praedicatt.
658 1333 839 1360 Oracoviens.
861 1342 884 1360 s.
906 1335 980 1369 sign.
1003 1341 1078 1360 saec.
1099 1331 1172 1360 filie.
1188 1334 1223 1360 A.
1239 1349 1276 1353 —
1289 1334 1372 1361 Miss.
1385 1334 1474 1361 Prae-

170 1372 333 1399 dicatorum
351 1373 419 1408 imp.
439 1372 570 1399 Venetiis
593 1369 676 1399 1523.
702 1372 734 1399 B.
757 1386 792 1391 —-
812 1368 863 1405 33,
884 1369 903 1397 2
924 1372 997 1399 Cum
1018 1379 1120 1398 cruore
1139 1372 1171 1399 B.
1192 1386 1230 1390 —
1248 1372 1333 1399 ΗΘΜ
1363 1372 1474 1408 eigene.

608 1462 674 1493 360.
714 1462 758 1493 De
777 1462 886 1493 sancta
906 1461 1029 1493 Ursula.

171 1534 226 1566 la.
255 1533 375 1573 Gaude,
402 1532 477 1565 Sion
501 1531 578 1573 filia,
853 1532 909 1564 lb.
931 1532 1027 1564 Pulso
1053 1532 1156 1563 carnis
1181 1532 1288 1563 nubilo

252 1581 384 1620 Spirans
409 1581 450 1612 ad
471 1579 625 1619 martyria
929 1579 1048 1611 Mentis
1072 1579 1190 1619 plaude
1209 1579 1311 1618 jubilo

300 1627 582 1667 Contemplatione‚
979 1626 1145 1667 Virginum
1172 1635 1315 1659 coronae.

171 1687 227 1718 Za.
254 1684 340 1723 Quae
368 1685 514 1716 victrices
539 1684 661 1724 palmas
687 1683 795 1715 ferunt
850 1682 908 1717 2b.
929 1683 1029 1725 Auro,
1058 1684 1188 1724 gemmis
1214 1687 1404 1723 perornatae

253 1732 349 1764 Stolis
373 1734 486 1772 tectae,
515 1740 591 1771 quas
616 1732 762 1763 laverunt
932 1731 1034 1763 Rosas
1060 1733 1192 1770 carpunt
1217 1731 1378 1763 laureatae

296 1780 382 1819 Agni
404 1779 467 1811 Dei
491 1779 652 1821 sanguine,
978 1778 1119 1818 Virginis
1146 1787 1214 1810 cum
1239 1779 1370 1819 virgine.

171 1838 225 1869 3a.
251 1836 350 1869 Velut
375 1836 463 1869 cedri
487 1838 622 1868 vernant
644 1834 732 1878 flore,
852 1834 909 1868 ab.
933 1834 1029 1867 Secus
1054 1845 1152 1875 aquas
1176 1836 1405 1875 scripturarum

251 1884 334 1923 Quas
358 1882 553 1923 perfundens
578 1883 665 1915 Deus
689 1891 762 1915 rore
935 1883 1013 1916 Cum
1038 1883 1172 1915 novellis
1197 1883 1362 1923 olivarum,

255 1931 490 1971 Complantavit
512 1931 546 1962 in
570 1933 690 1968 tenore,
932 1930 1054 1962 Lumen
1078 1931 1204 1963 stillant
1227 1931 1412 1972 animarum,

298 1978 345 2011 Ut
371 1979 435 2009 sint
457 1978 552 2010 nidus
577 1978 718 2018 passeri,
981 1977 1028 2010 Ut
1051 1978 1210 2018 respirent
1233 1978 1351 2012 miseri.

169 2036 227 2068 4a.
253 2035 304 2066 En
324 2035 359 2066 in
385 2035 479 2067 choro
504 2035 686 2075 angelorum
850 2033 911 2066 4b.
934 2035 973 2067 In
998 2036 1141 2067 convalle
1165 2035 1293 2074 pietatis

251 2082 436 2122 Nuptialem
461 2084 604 2113 sternunt
629 2082 755 2113 thorum
932 2081 1062 2113 Nardus
1088 2081 1206 2123 fraglat
1231 2083 1373 2114 caritatis

251 2129 296 2160 Et
318 2129 352 2160 in
374 2130 466 2161 horto
490 2129 676 2169 gaudiorum
931 2128 976 2161 Et
999 2127 1057 2161 flos
1084 2130 1199 2162 candet
1222 2131 1386 2171 castitatis,

299 2175 498 2211 Commetunt
520 2180 676 2216 aromata3
981 2176 1141 2209 Virtutum
1167 2177 1367 2210 charismata.

171 2234 228 2267 52..
254 2233 343 2265 Inter
367 2236 457 2265 tanta
478 2232 610 2265 floscula
853 2232 911 2266 5b.
934 2233 1071 2272 Quarum
1094 2234 1137 2266 ad
1163 2235 1296 2266 consilia

252 2280 361 2312 Prima
384 2279 475 2312 floret
498 2280 626 2319 Ursula,
934 2279 1015 2311 Sunt
1036 2281 1165 2313 undena
1187 2282 1285 2322 milia,

254 2326 417 2367 Gerasina,
443 2327 558 2368 Sicula,
932 2327 979 2360 Ut
1002 2337 1094 2360 rosae
1118 2330 1169 2361 vel
1192 2329 1263 2361 lilia

297 2374 403 2406 Ducta
426 2384 446 2406 a
469 2375 630 2407 Britannis
981 2373 1136 2416 Fraglant
1161 2377 1356 2409 Alemannis.
