1653 2632
715 125 950 160 —27-

177 216 233 248 3³..
261 215 286 249 O
312 217 451 251 altitudo
863 222 920 256 3b.
942 222 1029 261 Quae
1054 224 1140 256 coelo
1165 227 1284 256 terram

259 266 356 304 atque
380 265 573 305 profundum
943 271 1130 303 reconciliat

260 313 363 344 crucis
387 318 584 354 purpuratae
944 326 1092 357 suprema
1117 319 1301 360 contingens

258 359 293 391 in
317 360 439 393 Christi
463 363 632 403 sanguine!
945 368 977 396 et
999 365 1065 398 ima
1088 370 1269 405 penetrans.

176 417 233 449 4a.
259 416 351 449 Haec
374 427 500 450 sursum
526 421 624 453 corda
862 421 922 455 4b.
942 421 989 454 Ut
1011 424 1078 454 toto
1104 423 1210 464 corde,

259 464 371 505 stipite
397 475 453 498 suo
944 472 1013 501 tota
1036 470 1151 511 anima,

259 512 355 551 levat,
382 522 443 553 quo
469 515 625 546 exaltatus
944 519 1012 548 tota
1036 516 1226 550 fortitudine

259 562 307 591 est
332 569 391 600 per
415 561 518 601 ipsam
946 564 1098 605 diligatur

257 607 300 639 ad
323 616 358 639 se
382 609 513 640 trahens
538 610 653 641 omnia.
942 620 1001 644 nos
1021 612 1055 644 in
1079 611 1174 644 finem
1199 613 1344 654 diligens,

178 665 235 697 5a.
261 662 327 696 Sed
351 664 426 704 quia
863 667 922 702 512.
942 669 981 700 In
1008 669 1094 709 ligno

259 719 334 742 vere
360 711 504 752 diligitur
527 713 692 755 Dominus,
943 719 1126 748 transverso
1151 717 1235 749 sacri
1259 717 1394 757 patibuli

261 766 331 790 cum
355 767 465 791 servus
946 763 1095 796 docemur

260 809 296 837 ut
320 814 390 838 sese
416 807 520 848 dih'git
946 811 1094 850 expansis
1118 811 1264 844 manibus

261 854 474 897 conservulos‚
945 857 1088 889 crucifixi

260 901 378 933 amicos
404 905 436 933 et
459 903 567 934 hostes
946 906 1075 937 dextros
1102 908 1134 937 et
1156 906 1302 939 sinistros

259 949 391 989 pariter,
944 953 1104 992 amplecti.

176 1007 232 1038 6a.
258 1005 331 1037 Hoc
354 1006 444 1047 signo
473 1007 650 1047 consignat-i
862 1009 919 1042 6b.
942 1009 989 1042 Ut
1008 1010 1128 1049 Jugiter
1151 1010 1185 1041 in
1208 1010 1300 1042 nobis

259 1051 371 1085 famuli
943 1055 1069 1088 ferveat

259 1100 435 1132 clareamus
943 1104 1044 1143 ipsius
1070 1106 1103 1135 et

260 1147 438 1179 conformes
463 1148 609 1189 Domino,
942 1150 1077 1183 fratrum
1104 1151 1244 1183 dilectio.

177 1205 195 1236 7
203 1213 231 1237 a.
259 1205 355 1244 Cujus
379 1214 421 1236 ne
444 1208 589 1245 tepescat
860 1208 878 1240 7
886 1207 917 1240 b.
938 1207 1044 1248 Ligna
1068 1209 1129 1240 duo
1156 1209 1258 1240 crucis

256 1252 339 1292 ignis
365 1253 511 1294 coelicus,
941 1264 981 1287 en
1007 1256 1194 1296 colligimus,

518 1312 549 1344 8.
575 1311 639 1343 Per
664 1320 744 1351 quae
766 1313 860 1351 panis
888 1316 1050 1355 coquatur,

576 1367 637 1398 quo
661 1358 751 1391 Elias
776 1368 870 1391 verus

574 1414 708 1446 pascens
732 1410 893 1447 pascatur.

249 1470 337 1498 Grad.
362 1479 416 1498 ms.
440 1471 535 1499 Palat.
556 1471 777 1500 Vindobonens.
803 1470 837 1500 13
846 1470 903 1500 314
923 1481 998 1501 saec.
1021 1472 1066 1501 11.
1087 1474 1153 1501 add.
1174 1482 1250 1502 saec.
1272 1473 1317 1502 12.
1337 1491 1374 1495 —
1394 1473 1445 1511 3a,
1466 1473 1485 1503 2

173 1510 202 1535 et
221 1509 405 1544 profundum.
427 1524 463 1528 —
484 1509 535 1541 5a.
558 1509 572 1537 1
596 1509 654 1538 Sed
677 1511 749 1546 quia
766 1514 871 1539 tecum.

635 1622 681 1654 28.
721 1622 765 1653 De
785 1623 897 1653 sancta
917 1622 1021 1655 Gruee.

563 1693 593 1725 1.
620 1693 778 1726 Victimae
799 1694 960 1733 paschalis
987 1703 1112 1726 crucem

622 1741 757 1773 adorent
783 1740 967 1784 Christiani,

171 1796 227 1829 2a.
254 1797 293 1829 In
319 1806 381 1837 qua
407 1797 551 1830 Christus
576 1799 705 1830 sustulit
859 1798 916 1831 210.
938 1799 1028 1831 Mors
1053 1800 1184 1831 tenebat
1206 1801 1369 1841 populum,

254 1844 394 1876 Mortem
417 1849 449 1876 et
473 1848 547 1885 post
573 1846 688 1878 detulit
942 1846 1007 1878 Sed
1028 1856 1087 1886 per
1112 1848 1173 1879 hoc
1196 1848 1374 1888 patibulum

301 1892 333 1923 A
357 1893 469 1932 poenis
491 1891 612 1924 inferni
988 1895 1129 1935 Populus
1153 1898 1295 1927 mortuus

350 1943 547 1980 peccatores,
1036 1948 1150 1983 regnat
1174 1944 1274 1976 vivus.

172 1998 227 2030 3a.
256 1996 342 2029 Crux
369 1997 487 2030 Christi
511 2000 651 2041 praevia,
860 1998 918 2032 3b.
939 1999 1082 2040 Angelus
1109 2003 1157 2032 est
1181 2001 1272 2033 testis

256 2044 341 2077 Crux
366 2049 416 2077 est
441 2046 600 2078 coelorum
626 2047 687 2079 via.
941 2046 1070 2080 Sudarii
1094 2051 1127 2079 et,
1149 2049 1266 2092 vestisr,

251 2092 391 2134 Lignum
417 2093 537 2126 Christi
563 2095 728 2127 morientis
940 2095 1165 2136 Triumphavit
1190 2096 1334 2129 Christus
1361 2106 1463 2139 cruce,

252 2140 320 2173 Dat
343 2142 476 2183 gloriam
502 2142 595 2182 hujus
939 2144 1003 2175 Per
1028 2152 1119 2184 quem
1144 2145 1281 2177 mundus
1305 2146 1387 2177 vivit

300 2190 508 2231 resurgentis.
987 2191 1021 2223 in
1045 2192 1107 2224 hac
1130 2192 1212 2224 luce.

168 2248 224 2280 4a.
252 2248 457 2281 Credendum
475 2250 532 2288 est,
554 2251 589 2281 ut
602 2248 664 2280 hoc
675 2249 799 2289 signum
856 2248 916 2282 41).
938 2248 1061 2281 Scimus
1086 2249 1248 2282 Christum
1272 2250 1438 2282 sustulisse

249 2296 357 2328 Adest
380 2296 467 2329 vitae
491 2297 612 2337 lignum
938 2297 1078 2329 Mortem
1105 2297 1207 2329 crucis
1231 2307 1308 2331 vere

250 2344 296 2376 Et
320 2354 417 2385 super
439 2344 528 2385 ligna
939 2344 985 2377 Et
1007 2349 1101 2377 terna
1127 2346 1179 2378 die

299 2393 405 2425 omnia
430 2393 569 2434 dignum.
987 2394 1086 2426 vitam
1109 2394 1240 2428 habere.
