1653 2632
718 119 975 154 —252—

611 209 679 241 342.
719 211 762 242 De
782 212 888 243 sancto
909 212 1075 243 stanislao.

196 281 252 314 ia.
280 281 387 314 Omnis
411 281 488 313 odas
517 289 601 312 nune
624 281 765 312 melodas

327 329 450 369 Pangat
475 337 545 360 eum
568 328 720 368 Alleluja,

190 395 212 426 2
220 404 249 427 a.
275 394 399 426 Ponens
407 395 580 434 planctum,
592 395 665 434 quia
674 397 816 426 sanctum

321 441 470 473 Meruisti
494 441 623 481 gignere

191 508 249 540 3a.
275 506 522 549 Fraudulentus,
548 508 744 538 truculentus

325 553 490 586 Boleslaus
517 553 670 594 carnifex,

192 621 249 652 4a.
277 619 370 651 Nune
393 620 526 652 insultat
551 623 583 652 et
607 620 728 652 exultat

323 668 401 700 Cum
423 668 539 699 sanctis
564 668 756 708 perenniter,

188 733 245 766 5a.
274 732 369 772 Cujus
393 736 468 765 vota
490 733 583 765 modo
608 736 676 765 tota

316 780 461 820 Suscepit
482 781 626 821 ecclesia,

269 828 308 859 In
331 827 463 867 Europa
486 827 565 860 fiant
587 831 664 860 nota

315 873 429 906 Africa
453 878 485 906 et
507 875 595 908 Asia.

186 941 242 972 6a.
269 940 366 981 Ergo,
392 941 519 982 praesul
544 941 689 984 gloriose,

316 988 365 1019 Tu
388 997 446 1027 pro
471 988 562 1021 nobis
587 989 742 1029 supplica,

187 1050 242 1085 73..
267 1052 313 1085 Ut
339 1062 394 1086 cor
418 1057 560 1093 praestet
584 1054 675 1086 nobis
699 1056 776 1086 mite

314 1100 434 1133 Nostra
456 1102 567 1133 laxans
594 1101 702 1133 debita

877 281 935 315 lb.
955 282 1048 315 Omni
1072 282 1167 315 laude
1193 283 1297 324 digna,
1323 285 1450 326 plaude,

1008 329 1126 362 Civitas
1153 331 1316 371 Cracovia„

875 395 933 427 21).
954 396 999 427 Et
1021 397 1153 436 nutrire,
1179 406 1271 437 quem
1298 398 1361 430 dux
1385 398 1452 430 irae

1004 444 1105 475 Morti
1130 443 1206 475 fecit
1229 445 1368 485 tradere,

874 508 933 542 3b.
954 510 1013 549 Qui
1037 510 1071 541 in
1096 511 1190 542 caelis
1212 511 1289 551 Jam,
1314 510 1419 543 fidelis

1003 557 1178 589 Stanislaus
1207 557 1361 598 pontifex,

872 622 931 655 4b.
955 623 1156 656 celebremus
1181 627 1217 656 ut
1242 624 1392 657 debemus

1001 670 1104 711 Digne
1128 681 1167 703 ae
1189 673 1381 705 solemniter.

872 735 930 770 5b.
954 736 1091 776 Propter
1114 745 1172 769 sua
1195 747 1283 770 mare
1307 740 1407 770 totum

999 784 1137 816 Plaudat
1161 786 1316 824 natalitia,

950 831 1047 862 Vexit
1068 835 1210 863 sanctum
1228 833 1312 872 quod
1329 833 1369 864 ad
1387 834 1495 872 polum

998 878 1075 911 Cum
1100 888 1158 910 sua
1181 880 1323 911 victoria.

871 943 928 976 6b.
952 942 1111 976 Stanislae
1133 945 1282 985 pretiose,

998 991 1102 1030 Hunc,
1129 993 1181 1032 qui
1208 994 1256 1023 est,
1279 1001 1353 1032 spes
1377 993 1479 1025 unica.

871 1056 928 1089 7b.
949 1056 994 1088 Et
1017 1057 1060 1089 ad
1083 1066 1214 1097 regnum
1241 1059 1335 1090 ducat
1357 1059 1441 1091 vitae

999 1104 1134 1144 Propter
1157 1107 1212 1137 tua
1235 1106 1358 1139 merita.

259 1170 344 1202 Miss.
364 1184 417 1202 nm..
442 1175 536 1210 Capit.
561 1176 745 1203 Cracoviens.
767 1176 783 1203 5
804 1185 880 1204 saec.
908 1176 951 1205 15.
972 1178 1007 1205 ..A.
1026 1195 1064 1199 —
1082 1179 1165 1206 Miss.
1195 1188 1248 1207 ms.
1271 1180 1364 1216 Capit.
1387 1180 1492 1209 Cr-aeo

183 1213 278 1240 viens.
301 1211 320 1240 4
339 1212 471 1240 saee.15
492 1221 528 1240 ex
546 1214 579 1240 B.
600 1228 631 1232 —
657 1215 739 1241 Misr..
763 1223 817 1241 ms.
839 1214 932 1249 Capit.
955 1216 1139 1244 Cracoviens.
1161 1215 1178 1243 2
1208 1219 1279 1245 anni
1308 1190 1381 1246 1438
1403 1218 1433 1245 C.
1453 1234 1492 1239 —

184 1250 267 1277 Miss.
289 1259 341 1277 ms.
364 1250 423 1286 Cap
425 1252 456 1278 it.
479 1250 661 1278 Craeoviens.
684 1251 698 1278 1
721 1253 791 1279 anni
810 1224 899 1280 1490p
909 1254 944 1281 D.
964 1270 1001 1274 —
1023 1253 1231 1286 la‚10mnes
1247 1256 1336 1283 ABD.
1358 1271 1390 1275 —
1410 1256 1458 1292 la,
1473 1255 1491 1284 2

180 1287 266 1324 Pang
267 1296 348 1315 amus
368 1288 457 1316 ABD.
476 1303 513 1307 —-
539 1287 598 1322 21),

185 1324 237 1360 51),
246 1297 277 1354 ἕ3
297 1327 380 1353 xixit
398 1329 516 1353 sanctus
538 1329 567 1353 et.
586 1326 623 1354 ad
645 1327 734 1354 ABD.

627 1287 641 1315 1
667 1289 709 1316 Et
734 1291 878 1317 nutricem
903 1292 992 1319 ABD.
1012 1308 1050 1312 —
1070 1292 1126 1325 5a,
1148 1291 1166 1319 2
1187 1292 1288 1330 Suscif
1284 1295 1338 1321 ›iat
1349 1294 1439 1322 ABD.
1453 1310 1492 1314 —

813 1326 863 1361 Ga,
884 1326 901 1356 3
921 1330 1006 1357 nobis
1026 1331 1248 1366 impenaABO.
1268 1348 1306 1351 —
1327 1330 1378 1365 6b,
1400 1331 1418 1359 2
1439 1334 1491 1369 qui

184 1372 213 1390 e
235 1364 323 1391 ABD.
344 1378 381 1383 —
400 1363 449 1397 'Ya
473 1363 488 1391 1
507 1367 659 1399 praestans
678 1365 767 1392 ABD.
792 1380 822 1384 -—-
846 1365 896 1400 7a,
918 1365 1056 1394 2delicta
1068 1369 1156 1396 ABD.
1176 1383 1211 1387 —
1234 1369 1286 1404 712,
1302 1368 1319 1396 2
1336 1372 1388 1398 tua
1400 1371 1489 1398 ABD.

186 1401 255 1428 Mel.
271 1401 439 1436 jedenfalls:
462 1401 485 1428 O
507 1402 593 1429 beata
611 1402 771 1430 beatorum.

509 1511 580 1543 343.
620 1512 665 1543 De
684 1520 724 1544 ss.
744 1512 900 1545 Stanislao
922 1514 955 1545 et
973 1514 1160 1547 wenceslao.

183 1581 240 1614 la.
265 1581 491 1613 Laetabundus

264 1629 388 1661 Psallat.
402 1629 549 1671 munduS,
566 1632 603 1661 ut
618 1630 661 1661 sit.
671 1631 805 1662 mundus

312 1676 424 1708 Laude
450 1677 554 1717 digna,

183 1743 240 1776 2a.
266 1741 432 1775 Sociantur
454 1743 581 1775 nomine

261 1789 307 1822 Et
329 1790 490 1822 nominum
514 1791 618 1822 omine

312 1837 424 1869 Testes
451 1838 548 1878 digni,

180 1905 237 1936 Sa.
262 1903 356 1935 Alter
377 1905 479 1944 maJ'or
503 1905 613 1945 gloria,

262 1951 356 1983 Fidei
382 1953 558 1984 constantia

308 1999 402 2031 Alter
427 2000 540 2031 dictus.

177 2065 235 2097 4a.
260 2065 354 2097 Prior
376 2066 466 2097 auxit
487 2067 620 2106 gloriam

259 2112 356 2144 Fidei
381 2113 588 2145 constantiam

306 2159 443 2200 Doeens,
469 2169 612 2205 sequens,

181 2224 238 2257 5a.
264 2224 350 2256 Hine
372 2225 434 2257 Dei
458 2225 697 2259 fundamentum

260 2271 377 2304 Invisis
401 2277 618 2313 argumentum

266 2318 337 2350 Stat
358 2320 478 2352 habens
502 2320 732 2354 firmamentum

307 2367 383 2398 Veri
410 2368 502 2401 rituS.

864 1584 922 1618 11).
946 1584 1103 1618 Stanislao

947 1633 1025 1665 Cum
1050 1633 1142 1665 beato
1168 1634 1367 1675 Wenceslao,

993 1680 1116 1720 Cogunt
1139 1681 1239 1721 signa.

864 1745 922 1778 2b.
944 1746 975 1777 A
1000 1749 1108 1779 saneto
1133 1748 1306 1788 spiramine

944 1793 1154 1833 Mysticorum
1177 1795 1297 1827 lumine

994 1841 1074 1873 Sunt
1096 1843 1222 1883 insigni.

864 1907 923 1940 31).
945 1908 1225 1942 Immarcessibilia

945 1956 1087 1995 Carpunt
1109 1957 1195 1989 vitae
1218 1959 1370 1997 praemia.

993 2004 1084 2035 Passi
1107 2004 1198 2037 ictus.

862 2068 921 2101 4b.
944 2069 1091 2101 Exclusit
1117 2071 1317 2113 injustitiam,

945 2117 1096 2149 Haeresis
1120 2127 1178 2158 per
1202 2120 1336 2159 gratiam

993 2164 1087 2196 Virus
1112 2174 1255 2206 sequens.

863 2228 921 2262 5b.
945 2230 1030 2262 Nam
1051 2232 1194 2264 scelestis
1218 2233 1363 2266 manibus

946 2277 1062 2311 Caesus
1086 2280 1237 2312 membris
1262 2280 1405 2314 omnibus

944 2325 1136 2367 Integratur,
1163 2327 1273 2360 avibus

993 2372 1184 2407 Custoditus.
