1653 2632
695 107 952 143 —102—

167 210 223 241 4a.
248 207 362 239 Multis
385 205 487 238 multa
510 205 589 236 haec
612 203 749 242 largitur
853 202 913 235 4b.
936 201 1034 241 Virgo
1059 202 1171 238 mater,
1198 200 1275 233 Jesu
1299 199 1391 240 bone,

251 254 343 286 Salus
363 261 440 285 vera
463 252 543 283 haec
567 250 705 291 partitur
934 249 1049 281 Omnes
1075 246 1186 278 mortis
1211 246 1245 277 in
1270 254 1371 286 agone

298 300 449 334 Omnibus
475 298 642 337 fidelibus3
982 295 1104 334 Aptate
1134 293 1334 324 coelestibus.

169 360 224 391 5a.
253 358 320 390 Nos
347 357 524 396 credentes,
548 357 660 394 mater,
687 353 772 392 audi,
853 351 911 384 5b.
932 352 996 384 Per
1021 359 1115 390 quam
1140 349 1256 381 scimus
1281 349 1437 389 exaudiri,

251 405 448 438 Assistentes
473 406 546 434 tuae
569 401 658 433 laudi
934 398 1002 430 Fac
1025 406 1083 429 nos
1109 404 1217 428 omnes
1242 396 1380 428 inveniri

322 452 405 485 Juva
430 448 603 488 beneficiis,
983 445 1101 477 Tecum
1122 444 1155 475 in
1175 443 1307 475 deliciis.

246 508 330 535 Miss.
358 515 411 534 ms.
433 504 649 533 Cremifanense
673 501 709 529 41
739 510 814 529 :zaec-
835 499 910 529 14J15.
931 501 966 528 A.
994 515 1031 520 —
1056 500 1139 528 Miss.
1160 508 1213 527 ms.
1235 498 1264 525 S.
1285 498 1418 526 Floriani
1437 498 1483 525 XI

170 553 173 554 ⁷
198 544 225 573 39
249 553 324 573 sat-c.
348 543 391 572 14.
413 545 445 571 B.
466 557 504 561 —
524 542 568 570 5a
587 541 646 568 und
667 540 708 568 51)
731 539 902 576 umgestellt
920 540 955 566 A.
976 553 1013 558 -—
1033 537 1087 572 51),
1110 536 1123 565 1
1146 536 1190 565 Te
1210 545 1297 573 quam
1318 537 1426 563 scimus
1448 536 1481 563 A.

624 633 684 664 127.
724 633 768 664 De
788 632 899 663 sancta
920 632 1018 662 Anna.

171 699 226 732 ln.
254 697 390 729 Sanctae
413 696 528 727 Annae
552 703 685 727 sonorus
856 693 912 726 lb.
934 692 1026 724 Haec
1051 694 1099 723 est
1124 691 1205 723 Sara
1229 689 1379 729 secunda,

301 744 435 776 Exultet
464 743 588 784 chorus,
983 741 1083 772 Partu
1113 737 1261 778 fecunda,

347 791 499 829 Alleluia.
1031 787 1096 819 Res
1120 785 1277 818 miranda.

172 850 229 881 Za.
256 847 387 887 Virgam
412 847 504 880 Jesse
525 846 688 886 produxit,
856 843 914 876 2b.
937 843 989 875 De
1012 844 1109 875 Anna
1134 842 1249 874 eximia

252 895 303 927 De
328 903 389 934 qua
415 893 558 926 Christus
581 893 699 932 illuxit,
937 891 1043 924 Fulsit
1067 890 1157 930 virgo
1182 889 1289 921 Maria

304 941 358 974 Sol
385 941 425 973 de
447 941 550 972 stella.
985 937 1118 977 Semper
1148 937 1246 978 clara,

173 1001 227 1032 32..
255 998 380 1030 Sanctis
405 997 526 1029 cunctis
555 996 690 1037 dignior,
857 995 914 1029 3b.
937 995 1034 1026 Anna
1058 1002 1167 1025 amans
1193 993 1322 1032 coelica,

254 1045 299 1078 Ut
324 1045 373 1077 sol
397 1045 499 1076 stellis
526 1044 642 1075 clarior
938 1041 1054 1073 Mundi
1079 1040 1204 1081 spernit
1227 1040 1352 1072 lubrica

301 1092 378 1124 Pari
400 1091 513 1125 forma.
986 1088 1030 1121 Et
1057 1090 1217 1128 corrupta.

173 1152 229 1183 4a.
258 1149 400 1190 Gignens
425 1149 537 1180 salutis
563 1146 711 1187 fructum,
856 1146 915 1179 412.
938 1146 990 1178 Ex
1010 1145 1111 1188 prole,
1138 1153 1232 1185 quam
1256 1144 1375 1185 genuit,

255 1197 399 1229 Abstulit
423 1204 547 1228 omnem
571 1195 690 1227 luctum
940 1193 995 1225 Sol
1018 1201 1113 1225 verus
1141 1192 1270 1223 emicuit

302 1244 397 1276 Valle
420 1245 548 1282 nostra,
988 1240 1093 1273 Carne
1117 1241 1253 1279 sumpta.

175 1303 230 1334 5a.
258 1300 312 1332 Sol
335 1299 491 1341 ChristuS,
516 1299 639 1331 irradia
858 1297 916 1331 5b.
937 1298 1008 1330 Tua
1031 1296 1209 1328 incarnatio

256 1347 376 1379 Nostra
399 1347 498 1379 corda
522 1347 635 1387 gratia,
941 1344 1051 1377 Salvet
1074 1353 1132 1376 nos
1157 1346 1190 1375 et
1213 1343 1332 1385 passio,

256 1394 326 1426 Nec
348 1395 432 1426 sinas
457 1393 530 1425 labe
554 1394 650 1426 noxia
939 1392 1026 1432 Quae
1049 1394 1157 1423 vatum
1182 1390 1349 1431 praesagio

304 1442 387 1474 Esse
411 1450 515 1473 caeca.
987 1439 1049 1471 Est
1072 1438 1250 1479 praedicta.

175 1501 230 1533 ca.
257 1498 352 1531 Nunc
375 1507 441 1538 ora,
465 1501 502 1529 ut
526 1498 582 1537 pia
858 1496 916 1529 61).
939 1496 984 1528 Et
1008 1499 1041 1527 te
1066 1498 1140 1535 post
1163 1495 1270 1528 tiistia

257 1545 365 1578 Mater
390 1548 422 1577 et
443 1544 511 1577 filia
940 1543 1047 1575 Ducat
1070 1543 1112 1575 ad
1140 1542 1258 1583 gaudia

305 1593 477 1626 Succurrat
500 1592 570 1632 tibi,
987 1591 1087 1631 Haec,
1114 1599 1195 1630 quae
1220 1589 1329 1630 genuit

352 1649 429 1681 gens
452 1640 579 1679 misera,
1036 1646 1206 1679 puerpera.

249 1697 308 1724 Mis
327 1717 333 1722 .
360 1705 412 1723 ms.
439 1695 468 1724 S.
491 1695 623 1723 Coronae
650 1696 719 1721 anni
749 1692 831 1722 1498.
853 1693 922 1722 Ood.
944 1695 1084 1730 Pragens.
1104 1694 1165 1721 XII
1186 1693 1209 1720 C
1229 1691 1257 1721 6.
1280 1693 1314 1720 A.
1342 1706 1378 1710 —
1404 1692 1487 1719 Miss-

186 1744 201 1762 η
247 1734 500 1762 Tie13hobucense
521 1742 597 1761 saec.
621 1732 664 1760 15.
686 1732 754 1759 (jod.
776 1733 917 1769 Pragens.
938 1732 1010 1760 XIV
1028 1733 1054 1760 B
1077 1732 1121 1759 17.
1141 1732 1175 1759 B.
1203 1746 1231 1750 —
1255 1732 1339 1759 Miss.
1360 1739 1412 1758 ms.
1435 1728 1488 1758 Ca-

175 1777 226 1809 pit.
249 1772 432 1801 Olomucens.
458 1770 494 1799 87
523 1780 598 1799 saec.
627 1770 671 1798 14.
702 1772 742 1798 in.
771 1770 802 1798 C.
829 1785 866 1790 —
891 1771 974 1798 Miss.
1002 1779 1055 1798 ms.
1076 1771 1225 1806 Pragense
1244 1770 1305 1797 XII
1326 1769 1350 1796 C
1369 1768 1396 1797 5.
1418 1769 1488 1796 anni

176 1811 226 1839 142
234 1809 258 1838 2.
280 1812 316 1839 D.
361 1827 375 1830 -
395 1809 448 1843 5b,
470 1810 488 1837 4
507 1810 577 1837 Fuit
595 1809 746 1845 praedicta
765 1809 827 1836 BD.
848 1823 887 1828 —
906 1809 992 1837 Mel.:
1018 1808 1241 1844 Laetabundus,
1263 1808 1314 1836 der
1333 1808 1419 1835 Reim
1439 1807 1489 1834 be-

174 1852 261 1886 “Tugt
280 1849 448 1884 unrichtige
469 1848 629 1883 Abteilung
648 1856 708 1875 von
729 1846 786 1874 Str.
809 1845 833 1875 1.

640 1939 701 1971 128.
741 1939 785 1970 De
806 1939 918 1970 sancta
937 1940 1035 1970 Anna.

176 2003 234 2035 ia.
264 2001 387 2042 Gaude,
415 2001 523 2033 concio
548 2000 664 2041 fidelis,
864 1999 922 2032 ib.
946 2000 1069 2032 Mundo
1095 2001 1215 2041 quippe
1239 1999 1389 2033 morienti

258 2049 411 2081 Laudans
436 2048 607 2081 Dominum
633 2048 674 2079 de
699 2047 795 2079 caelis
947 2048 1113 2080 Succurrit
1136 2056 1198 2088 ope
1222 2047 1347 2088 potenti

307 2097 370 2129 Pro
395 2105 453 2128 sua
476 2095 653 2134 clementia,
991 2094 1123 2127 Donans
1149 2095 1235 2127 vitae
1258 2094 1384 2136 gaudia.

177 2154 233 2185 2a.
260 2153 356 2184 Anna
379 2161 490 2192 regum
514 2152 616 2192 stirpe
640 2154 716 2182 nata
863 2150 920 2185 2b.
942 2150 1121 2183 Infecunda
1145 2150 1348 2191 fecundatur,

260 2199 467 2239 Joachimque
491 2199 612 2231 sociata
949 2197 1059 2230 Sterili
1084 2202 1256 2239 conceptus
1283 2199 1378 2231 datur

308 2246 455 2286 Concipit
481 2246 644 2285 divinitus,
994 2246 1221 2287 Praesignatus
1253 2246 1395 2278 coelitus.

180 2304 237 2336 3a.
264 2302 399 2334 Dulcem
426 2303 527 2343 gignit
551 2303 646 2334 Anna
669 2302 803 2341 prolem,
864 2301 925 2333 31).
948 2302 973 2335 Ο
1000 2311 1094 2342 quam
1119 2302 1198 2335 felix
1222 2307 1289 2335 tam
1315 2301 1419 2334 felicis

261 2349 348 2388 Quae
371 2350 526 2389 produxit
549 2358 660 2381 verum
685 2349 793 2386 solem,
947 2350 1054 2382 Mater
1079 2350 1141 2382 Dei
1164 2349 1338 2390 genitricis,

311 2396 482 2436 Christum,
508 2404 615 2436 regem
641 2396 781 2436 gloriae3
994 2396 1112 2428 Matris
1136 2397 1238 2429 omnis
1260 2398 1391 2437 gratiae.
