1653 2632
687 153 944 188 —241—

155 244 173 277 1
181 244 198 277 1
208 253 236 277 a.
265 245 399 278 Annuat
845 251 863 283 1
870 251 886 284 1
895 250 927 283 b.
950 250 1008 283 Cui
1032 250 1101 282 laus

154 455 208 492 2b,

264 293 350 325 solus
376 294 431 334 qui
457 298 569 327 cuncta
950 298 992 329 sit
1017 300 1048 328 et
1069 297 1170 337 gloria

262 341 397 380 pulchre
421 341 586 382 gubernat.
949 353 1074 384 semper
1098 347 1236 378 aeterna.

231 420 320 454 Trop.
352 429 405 448 ms.
431 421 619 450 Floriacense
646 430 719 450 saec.
750 422 794 450 11.
824 423 893 452 Cod.
919 424 1077 452 Parisiens.
1105 424 1200 452 Nouv.
1227 431 1288 460 aeq.
1317 421 1401 452 1177.
1428 438 1466 443 --

232 457 247 485 1
266 459 345 495 quia.
366 473 403 477 —
424 457 475 493 42„
500 457 518 486 2
540 461 590 495 qui
610 461 729 488 confert.
749 477 787 480 —
808 460 857 498 Ga,
878 460 897 490 4
917 462 1006 490 clusa.

556 560 621 592 327.
661 560 696 592 In
717 569 740 592 s.
759 561 849 593 Petri
869 561 909 593 ad
927 562 1064 593 vincula.

154 639 211 673 1a.
237 640 344 671 Pollet,
365 640 450 672 alma
842 641 903 674 lb.
925 642 1014 675 Petri
1038 642 1137 674 boans

236 687 316 719 haec
343 687 410 719 dies
923 690 1075 729 praeclua

236 734 334 765 cosmi
357 742 418 774 per
444 734 572 766 climata
921 737 1027 777 magni
1050 737 1210 769 solemnia.

152 792 207 823 2a.
236 790 334 829 Quem
360 791 498 822 carceris
525 794 652 831 captum
841 793 898 827 2b.
921 793 966 825 Et
991 793 1093 826 calibe
1116 802 1231 825 nexum

234 838 332 871 trusit
355 838 419 870 ima
922 841 1024 873 tradit
1048 843 1119 873 arta

233 885 374 918 Herodis
401 886 482 918 dura
505 887 639 918 saevitia
920 886 1133 920 nefandorum
1157 888 1214 920 sub
1240 889 1395 923 custodia,

151 944 206 975 3a.
233 943 297 974 Ast
319 945 413 974 nocte
436 942 629 983 intempesta
839 944 896 976 3b.
919 944 982 976 Ceu
1007 945 1129 984 lampas
1155 945 1284 977 vibrans
1309 946 1418 977 adstat

232 990 310 1021 sede
334 988 460 1030 fulgens
486 990 525 1022 ab
552 991 702 1023 aetherea
921 992 1050 1032 angelus
1071 992 1142 1023 luce
1167 992 1302 1024 siderea.

149 1048 207 1079 4a.
234 1046 361 1078 Affatur
385 1047 515 1079 Petrum
542 1047 606 1078 ita:
838 1047 896 1080 4b.
919 1047 988 1079 Nec
1011 1057 1110 1088 mora,
1133 1048 1247 1080 Petrus
1269 1050 1334 1081 alta

234 1094 295 1126 cito
320 1102 460 1134 propera
921 1095 1052 1126 credens
1077 1096 1206 1136 monita,

231 1145 265 1172 te
288 1142 496 1181 praecingens
919 1145 1008 1182 terga
1035 1142 1123 1174 ducis

232 1189 343 1229 caligis
369 1191 500 1232 coapta3
916 1198 1111 1229 prosequens
1135 1190 1275 1230 praevia,

230 1239 307 1267 tunc
332 1236 451 1267 cadunt
474 1236 611 1275 vincula,
918 1240 1081 1276 exemptus
1107 1246 1127 1268 a
1153 1237 1223 1269 dira

232 1284 389 1315 claustrea
413 1284 545 1315 rutilant
570 1283 690 1316 abdita.
916 1285 1004 1316 saevi
1027 1284 1111 1324 regis
1138 1287 1186 1316 est
1208 1285 1364 1316 custodia.

148 1342 203 1374 5a.
231 1340 322 1372 Tunc
344 1341 457 1372 Petrus
481 1349 577 1371 ovans
599 1340 724 1382 jubilat,
834 1340 891 1373 5b‚
917 1341 1037 1373 Cohors
1063 1344 1095 1372 et
1119 1341 1294 1381 apostolica

231 1387 358 1420 Christo
383 1386 526 1418 referens
552 1387 629 1419 odas
915 1388 1131 1428 applaudebat
1156 1397 1215 1428 per
1242 1391 1333 1420 tanta

228 1443 266 1466 ac
292 1434 431 1466 creatori
455 1434 699 1475 praemaximas.
913 1435 1053 1467 rehibita
1082 1435 1144 1467 sibi
1170 1436 1295 1476 gaudia.

147 1493 200 1524 6a.
227 1492 278 1523 Ac
301 1500 360 1523 nos
832 1491 888 1524 6b.
910 1492 957 1523 Te
981 1501 1075 1532 nunc,

226 1548 401 1579 pangamus
427 1539 559 1570 laudum
585 1539 725 1571 carmina
912 1540 1063 1580 princeps
1084 1540 1177 1580 alme,
1202 1549 1281 1572 voce
1306 1541 1393 1573 clara

224 1587 258 1618 in
282 1587 343 1618 hac
369 1586 421 1618 die
447 1585 572 1618 Christo
599 1586 747 1628 celebria,
915 1587 1125 1628 deposcimus,
1148 1597 1206 1620 nos
1229 1589 1364 1620 clemens
1382 1598 1459 1629 pro-

226 1690 296 1712 cum
321 1681 432 1712 revisit
454 1683 564 1720 pastor
588 1681 685 1713 ovilia
915 1683 1078 1714 commoda
1089 1638 1457 1722 cunctaliltl()÷eg1=;lss’tribuas⁷

224 1737 284 1767 per
309 1727 469 1759 Christum
494 1728 659 1768 redempta
913 1730 1009 1761 noxia
1032 1730 1196 1769 propellas

227 1776 294 1815 ejus
319 1777 398 1806 nutu
420 1775 483 1806 sibi
507 1775 637 1807 tradita.
912 1779 945 1807 et
968 1779 1098 1808 aeterna
1123 1777 1207 1809 dona
1229 1777 1381 1810 conferas.

142 1833 199 1865 7a.
224 1831 275 1863 Ac
298 1834 458 1871 potestate
830 1832 886 1865 7b.
908 1832 1098 1865 Nostrorum
1123 1834 1211 1866 solve

224 1879 283 1910 tibi
310 1879 442 1911 coelitus
467 1878 623 1910 attributa
909 1883 1058 1920 potenter
1081 1890 1234 1913 nexorum
1259 1883 1398 1921 vincula?

577 1937 608 1969 8.
633 1935 806 1969 Conferens
830 1937 921 1969 nobis
946 1938 1063 1978 gaudia

633 1984 835 2024 sempiterna.

215 2065 302 2101 Trop.
330 2073 383 2092 ms.
411 2064 598 2092 Floriacense
628 2072 705 2092 saec.
738 2062 782 2092 11.
811 2064 879 2092 Ood.
904 2064 1063 2093 Parisiens.
1092 2066 1188 2096 Nouv.
1213 2075 1275 2104 aeq.
1303 2066 1386 2096 1177.
1413 2086 1419 2089 -

136 2101 359 2170 {adhgennoctis
383 2104 567 2139 intempesta.
587 2117 626 2121 —
644 2101 701 2138 42,
723 2100 740 2131 5
762 2111 841 2130 1111110
860 2104 975 2131 cadunt.
997 2119 1032 2123 —-
1055 2102 1110 2139 5b‚
1132 2102 1150 2132 3
1170 2105 1297 2133 redibita
1316 2108 1370 2134 mit
1387 2109 1453 2136 vier

565 2233 631 2265 328.
671 2234 714 2265 De
738 2235 845 2266 sancto
865 2235 1023 2276 Procopio.

135 2317 192 2351 la.
219 2317 380 2350 Plaudant
407 2315 495 2347 chori
518 2315 740 2347 monachorum
823 2315 881 2349 lb.
907 2315 1021 2348 Coetus
1046 2325 1169 2357 quoque
1192 2318 1377 2351 clericorum

216 2365 262 2398 Et
283 2365 443 2398 laetentur
468 2361 597 2403 fratres,
631 2372 763 2403 quorum
903 2363 1067 2398 Melodiae
1093 2365 1216 2397 dulcem
1242 2366 1371 2400 chorum

264 2414 362 2447 Pater
387 2414 436 2444 est
457 2411 642 2452 Procopius,
951 2412 1036 2444 Huic
1058 2416 1261 2454 perstrepent
1285 2417 1422 2457 saepius.

189 2473 314 2500 Dreves.
330 2472 474 2500 Sequentiae
488 2471 605 2495 Ineditae.
627 2471 658 2494 II.
1239 2469 1274 2500 16
