1653 2632
681 134 942 170 -287—

597 241 663 273 393.
703 240 746 271 De
765 246 825 269 uno
848 235 1035 268 confessore.

558 323 590 356 1.
617 321 726 353 Justus
750 319 844 350 homo
868 316 957 349 velut
979 313 1086 353 palma

613 366 774 400 Florescit
798 365 911 397 cedrus
933 365 971 394 ut
995 361 1069 399 alta,

161 445 221 477 2a.
246 443 286 475 In
310 439 442 475 Domini
466 438 559 470 domo
853 430 912 463 2b.
933 426 1131 467 Multiplices
1155 430 1260 455 ramos

248 489 351 530 pollet
374 484 607 523 fructificando,
934 476 1086 507 virtutum
1111 467 1325 512 germinando.

173 560 228 592 3a.
254 555 301 589 Ut
326 555 411 587 oliva
857 543 914 577 ab.
936 541 1025 581 Quod
1049 537 1183 571 infirmis

252 602 364 644 pingui
388 600 499 633 radice
939 590 1043 621 exstat
1066 585 1203 626 salubre,

256 658 383 690 semper
407 645 532 688 profert
941 637 1028 668 clara
1052 640 1176 674 quoque

266 706 395 739 germen
419 694 521 732 dulce,
940 682 1089 724 splendet
1112 680 1193 712 luce.

173 768 233 800 4a.
259 764 331 797 Jam
353 761 442 794 felici
466 757 607 800 germine
862 751 919 785 4b.
940 749 1043 782 Homo
1066 747 1121 778 hic
1143 743 1337 781 mitissimus,

262 812 430 843 decoratus
943 795 1126 829 memoriam

257 859 341 890 malo
367 856 408 889 ab
431 854 543 887 auditu
947 845 1034 884 cujus
1057 842 1091 874 in
1113 841 1176 873 hac
1201 838 1253 871 die

260 915 324 939 non
349 903 475 935 timebit
948 890 1153 923 celebramus.

183 976 238 1008 5a.
264 972 333 1005 Nos
357 969 476 1008 miseri,
868 959 925 992 5b.
948 958 996 989 Te
1017 955 1176 996 poscimus

262 1029 321 1052 nos
346 1016 472 1056 mortui,
949 1003 1121 1038 humiliter.

262 1076 320 1099 nos
344 1066 379 1097 in
405 1062 529 1096 delictis
949 1056 1006 1085 tua
1027 1058 1085 1082 nos
1109 1049 1220 1079 sancta

269 1117 301 1145 et
324 1112 410 1145 vitiis
435 1108 565 1142 enutriti
952 1098 1052 1130 oratio
1076 1098 1112 1127 ut
1138 1093 1298 1126 emundet.

186 1185 243 1216 6a.
269 1181 306 1213 In
332 1186 429 1219 regno
456 1175 537 1208 coeli
557 1182 623 1206 una
646 1180 717 1203 cum
871 1165 928 1199 6b.
949 1165 1028 1197 Post
1054 1164 1189 1193 mortem
1215 1158 1320 1190 carnis

268 1227 371 1260 beatis
703 1235 719 1250 ψ.
857 1231 860 1232 ⁷
954 1210 1095 1251 requiem
1119 1208 1252 1240 animae.

269 1273 434 1308 animabus
740 1262 756 1278 ⁴⁶
779 1290 795 1305 ἢ.
816 1262 833 1275 ⁹*
955 1268 1001 1301 Ut
1024 1269 1078 1297 tuo
1103 1262 1355 1304 supplicamento

270 1323 443 1354 electorum
704 1349 721 1364 ÷÷
742 1319 758 1335 ἥ
817 1317 834 1332 ³⁶
855 1345 872 1361 ÷÷
954 1315 1112 1347 salvemur

274 1381 422 1413 Preoare,
447 1374 539 1407 nobis
955 1371 1013 1394 nos
1037 1359 1152 1391 merita

275 1427 370 1458 etiam
392 1423 492 1456 tribui
958 1418 1021 1441 non
1042 1407 1206 1439 habentes.

604 1486 635 1517 ¹7.
659 1482 741 1521 Hoc,
766 1481 858 1520 pater
881 1476 1002 1516 inclite,

661 1529 781 1570 jugiter
805 1526 933 1558 studeas

664 1584 766 1615 orare,
792 1573 1017 1614 supplicamus.

268 1663 352 1690 Miss.
375 1668 430 1687 ms.
456 1657 528 1685 bibl.
550 1655 713 1683 Rossianae
740 1658 814 1678 saec.
836 1646 871 1676 13
900 1650 928 1675 et
955 1644 999 1673 14.
1023 1658 1061 1664 —
1081 1642 1134 1670 Als
1156 1641 1209 1676 „de
1229 1641 1329 1667 taneto
1350 1633 1508 1664 Liberio‘·:

195 1702 233 1729 (la
257 1700 341 1727 indes
368 1697 419 1725 der
443 1695 544 1724 Inhalt
566 1691 706 1729 nirgends
731 1688 783 1716 auf
806 1687 906 1715 diesen
931 1684 1071 1719 Heiligen
1098 1681 1197 1715 Bezug
1221 1678 1339 1710 nimmt,
1367 1673 1445 1702 wohl
1472 1672 1507 1699 de

199 1737 362 1767 Communi.

635 1821 703 1853 394.
744 1820 788 1850 De
806 1825 867 1849 uno
889 1814 1075 1847 confessore.

203 1913 260 1946 la.
288 1910 386 1949 Quem
409 1904 615 1939 invisibiliter
885 1896 945 1930 lb.
965 1894 1053 1927 Deus
1078 1890 1248 1924 visibiliter

337 1955 488 1996 Sequitur
513 1951 657 1990 ecclesia,
1013 1939 1108 1972 Facit
1131 1936 1301 1969 mirabilia.

205 2028 262 2060 22..
290 2022 516 2058 Confessorum
537 2017 657 2059 jugiter
889 2010 951 2044 2b.
972 2009 1034 2041 Per
1060 2014 1137 2046 quos
1162 2001 1353 2035 mirabiliter

333 2071 456 2111 Vigilat
480 2065 636 2107 custodia,
1019 2055 1177 2094 Operatur
1201 2049 1316 2091 gratia.

206 2144 262 2176 3a.
289 2138 429 2172 Lumbos
460 2134 559 2167 cinxit
582 2133 710 2164 sanctus
732 2129 795 2161 iste
892 2125 951 2159 3b.
971 2115 1368 2156 Protemundumsprevit‚
1380 2113 1516 2153 Christe,

334 2187 381 2220 Et
403 2185 568 2216 lucernam
591 2178 704 2218 tenuit,
1019 2169 1065 2201 Et
1089 2174 1215 2199 carnem
1241 2163 1390 2196 cohibuit.

207 2258 265 2290 42.
289 2254 376 2287 Hinc
393 2251 560 2292 angustam
582 2246 668 2278 viam
690 2244 777 2276 vitae
893 2239 953 2273 4b.
974 2237 1020 2269 Et
1046 2235 1081 2267 in
1105 2233 1254 2266 vitiorum
1277 2230 1335 2262 lite

337 2299 483 2334 Fortiter
508 2294 646 2335 arripuit
1023 2282 1175 2316 Bravium
1200 2278 1347 2312 obtinuit.

210 2374 265 2405 52.
293 2370 330 2403 In
348 2371 382 2400 te
402 2365 546 2399 Christus
562 2361 670 2394 firmat
684 2357 837 2398 templum
898 2353 957 2387 5b.
980 2351 1019 2384 In
1045 2350 1193 2383 decorum
1219 2347 1275 2379 dat
1299 2343 1476 2384 exemplum

343 2413 489 2457 Spiritali
513 2410 719 2452 quadratura,
1024 2396 1184 2431 Invisibili
1208 2396 1376 2427 structura.
