<?xml version="1.0" encoding="UTF-8"?>
<!DOCTYPE html PUBLIC "-//W3C//DTD XHTML 1.0 Transitional//EN"
    "http://www.w3.org/TR/xhtml1/DTD/xhtml1-transitional.dtd">
<html xmlns="http://www.w3.org/1999/xhtml" xml:lang="en" lang="en">
 <head>
  <title>
</title>
<meta http-equiv="Content-Type" content="text/html;charset=utf-8" />
  <meta name='ocr-system' content='tesseract 3.04.00' />
  <meta name='ocr-capabilities' content='ocr_page ocr_carea ocr_par ocr_line ocrx_word'/>
</head>
<body>
  <div class='ocr_page' id='page_1' title='image "./analectahymnica09drevuoft_00041.png"; bbox 0 0 1653 2632; ppageno 0'>
   <div class='ocr_carea' id='block_1_1' title="bbox 684 102 921 137">
    <p class='ocr_par' dir='ltr' id='par_1_1' title="bbox 684 102 921 137">
     <span class='ocr_line' id='line_1_1' title="bbox 684 102 921 137; baseline 0 -11"><span class='ocrx_word' id='word_1_1' title='bbox 684 102 921 137; x_wconf 37' lang='grc'>*40-</span> 
     </span>
    </p>
   </div>
   <div class='ocr_carea' id='block_1_2' title="bbox 140 195 1456 461">
    <p class='ocr_par' dir='ltr' id='par_1_2' title="bbox 140 195 1456 461">
     <span class='ocr_line' id='line_1_2' title="bbox 142 195 1455 227; baseline -0.001 -1"><span class='ocrx_word' id='word_1_2' title='bbox 142 199 288 226; x_wconf 56' lang='lat' dir='ltr'>Beeoense</span> <span class='ocrx_word' id='word_1_3' title='bbox 312 205 387 225; x_wconf 76' lang='lat' dir='ltr'>saec.</span> <span class='ocrx_word' id='word_1_4' title='bbox 410 196 454 226; x_wconf 85' lang='lat'>13.</span> <span class='ocrx_word' id='word_1_5' title='bbox 476 196 545 224; x_wconf 87' lang='lat' dir='ltr'>Cod.</span> <span class='ocrx_word' id='word_1_6' title='bbox 570 196 729 224; x_wconf 84' lang='lat' dir='ltr'>Parisiens.</span> <span class='ocrx_word' id='word_1_7' title='bbox 758 195 840 224; x_wconf 88' lang='grc'>1105.</span> <span class='ocrx_word' id='word_1_8' title='bbox 867 211 905 214; x_wconf 88' lang='grc'>-</span> <span class='ocrx_word' id='word_1_9' title='bbox 929 196 1014 224; x_wconf 83' lang='lat' dir='ltr'>Miss.</span> <span class='ocrx_word' id='word_1_10' title='bbox 1041 204 1094 224; x_wconf 85' lang='lat' dir='ltr'>ms.</span> <span class='ocrx_word' id='word_1_11' title='bbox 1120 196 1455 227; x_wconf 61' lang='lat' dir='ltr'>Romam-Francisean.</span> 
     </span>
     <span class='ocr_line' id='line_1_3' title="bbox 143 231 1455 269; baseline 0.002 -6"><span class='ocrx_word' id='word_1_12' title='bbox 143 244 219 263; x_wconf 82' lang='lat' dir='ltr'>saec.</span> <span class='ocrx_word' id='word_1_13' title='bbox 242 233 285 262; x_wconf 69' lang='lat'>15.</span> <span class='ocrx_word' id='word_1_14' title='bbox 301 234 370 263; x_wconf 89' lang='lat' dir='ltr'>Cod.</span> <span class='ocrx_word' id='word_1_15' title='bbox 382 236 542 264; x_wconf 87' lang='lat' dir='ltr'>Parisiens.</span> <span class='ocrx_word' id='word_1_16' title='bbox 563 233 647 263; x_wconf 78' lang='lat'>9445.</span> <span class='ocrx_word' id='word_1_17' title='bbox 663 233 693 261; x_wconf 88' lang='lat' dir='ltr'>C.</span> <span class='ocrx_word' id='word_1_18' title='bbox 715 248 752 252; x_wconf 90' lang='lat'>-—</span> <span class='ocrx_word' id='word_1_19' title='bbox 768 231 819 267; x_wconf 70' lang='lat' dir='ltr'>aa,</span> <span class='ocrx_word' id='word_1_20' title='bbox 836 233 851 261; x_wconf 86' lang='lat'>1</span> <span class='ocrx_word' id='word_1_21' title='bbox 866 233 965 261; x_wconf 83' lang='lat' dir='ltr'>Hodie</span> <span class='ocrx_word' id='word_1_22' title='bbox 978 233 1138 261; x_wconf 81' lang='lat' dir='ltr'>foederatis</span> <span class='ocrx_word' id='word_1_23' title='bbox 1153 233 1190 269; x_wconf 85' lang='lat' dir='ltr'>O;</span> <span class='ocrx_word' id='word_1_24' title='bbox 1210 235 1371 264; x_wconf 73' lang='lat' dir='ltr'>foederatis</span> <span class='ocrx_word' id='word_1_25' title='bbox 1388 237 1455 265; x_wconf 85' lang='lat' dir='ltr'>dote</span> 
     </span>
     <span class='ocr_line' id='line_1_4' title="bbox 141 270 1455 308; baseline 0.002 -8"><span class='ocrx_word' id='word_1_26' title='bbox 141 273 207 308; x_wconf 88' lang='lat' dir='ltr'>AB;</span> <span class='ocrx_word' id='word_1_27' title='bbox 235 273 301 301; x_wconf 62' lang='lat' dir='ltr'>dote</span> <span class='ocrx_word' id='word_1_28' title='bbox 326 273 400 301; x_wconf 71' lang='lat' dir='ltr'>fehlt</span> <span class='ocrx_word' id='word_1_29' title='bbox 428 273 459 301; x_wconf 82' lang='grc' dir='ltr'>Ο.</span> <span class='ocrx_word' id='word_1_30' title='bbox 485 288 524 292; x_wconf 95' lang='grc'>-</span> <span class='ocrx_word' id='word_1_31' title='bbox 550 271 601 306; x_wconf 82' lang='grc'>21),</span> <span class='ocrx_word' id='word_1_32' title='bbox 620 270 640 299; x_wconf 83' lang='grc'>2</span> <span class='ocrx_word' id='word_1_33' title='bbox 667 274 695 299; x_wconf 82' lang='lat' dir='ltr'>et</span> <span class='ocrx_word' id='word_1_34' title='bbox 720 272 951 299; x_wconf 69' lang='lat' dir='ltr'><strong>immortalitatis</strong></span> <span class='ocrx_word' id='word_1_35' title='bbox 973 270 1004 298; x_wconf 88' lang='lat' dir='ltr'>C.</span> <span class='ocrx_word' id='word_1_36' title='bbox 1025 286 1061 290; x_wconf 97' lang='lat'><strong>—</strong></span> <span class='ocrx_word' id='word_1_37' title='bbox 1081 272 1234 300; x_wconf 82' lang='lat' dir='ltr'>Zwisehen</span> <span class='ocrx_word' id='word_1_38' title='bbox 1254 272 1311 300; x_wconf 77' lang='lat' dir='ltr'>Str.</span> <span class='ocrx_word' id='word_1_39' title='bbox 1332 272 1377 301; x_wconf 79' lang='grc'>53,</span> <span class='ocrx_word' id='word_1_40' title='bbox 1395 275 1455 302; x_wconf 89' lang='lat' dir='ltr'>und</span> 
     </span>
     <span class='ocr_line' id='line_1_5' title="bbox 142 306 1453 347; baseline -0.001 -8"><span class='ocrx_word' id='word_1_41' title='bbox 142 310 185 339; x_wconf 90' lang='lat' dir='ltr'>5b</span> <span class='ocrx_word' id='word_1_42' title='bbox 215 312 293 347; x_wconf 76' lang='lat' dir='ltr'>folgt.</span> <span class='ocrx_word' id='word_1_43' title='bbox 316 311 348 338; x_wconf 88' lang='lat' dir='ltr'>in</span> <span class='ocrx_word' id='word_1_44' title='bbox 369 311 405 339; x_wconf 83' lang='lat' dir='ltr'>G:</span> <span class='ocrx_word' id='word_1_45' title='bbox 431 312 500 347; x_wconf 84' lang='lat' dir='ltr'>Ipso</span> <span class='ocrx_word' id='word_1_46' title='bbox 534 311 569 338; x_wconf 90' lang='lat'>1.:</span> <span class='ocrx_word' id='word_1_47' title='bbox 592 307 712 346; x_wconf 81' lang='lat' dir='ltr'>Christi]</span> <span class='ocrx_word' id='word_1_48' title='bbox 732 310 846 337; x_wconf 86' lang='lat' dir='ltr'>monita</span> <span class='ocrx_word' id='word_1_49' title='bbox 867 309 1027 343; x_wconf 79' lang='lat' dir='ltr'>complecto</span> <span class='ocrx_word' id='word_1_50' title='bbox 1048 306 1116 345; x_wconf 81' lang='lat' dir='ltr'>[sie]</span> <span class='ocrx_word' id='word_1_51' title='bbox 1136 310 1283 337; x_wconf 85' lang='lat' dir='ltr'>sublimia.</span> <span class='ocrx_word' id='word_1_52' title='bbox 1304 325 1343 329; x_wconf 90' lang='lat'>-—</span> <span class='ocrx_word' id='word_1_53' title='bbox 1362 311 1415 345; x_wconf 78' lang='lat' dir='ltr'>7b,</span> <span class='ocrx_word' id='word_1_54' title='bbox 1438 310 1453 339; x_wconf 91' lang='lat'>1</span> 
     </span>
     <span class='ocr_line' id='line_1_6' title="bbox 142 345 1456 385; baseline 0.002 -9"><span class='ocrx_word' id='word_1_55' title='bbox 142 352 172 376; x_wconf 84' lang='lat' dir='ltr'>et</span> <span class='ocrx_word' id='word_1_56' title='bbox 199 350 297 383; x_wconf 80' lang='lat' dir='ltr'>placet</span> <span class='ocrx_word' id='word_1_57' title='bbox 321 349 352 376; x_wconf 83' lang='lat' dir='ltr'>C.</span> <span class='ocrx_word' id='word_1_58' title='bbox 376 365 416 369; x_wconf 87' lang='lat'><em>-</em></span> <span class='ocrx_word' id='word_1_59' title='bbox 441 348 493 382; x_wconf 88' lang='lat' dir='ltr'>8b‚</span> <span class='ocrx_word' id='word_1_60' title='bbox 558 348 631 376; x_wconf 81' lang='lat' dir='ltr'><strong>fehlt</strong></span> <span class='ocrx_word' id='word_1_61' title='bbox 657 348 688 374; x_wconf 89' lang='lat' dir='ltr'>C.</span> <span class='ocrx_word' id='word_1_62' title='bbox 714 362 751 366; x_wconf 92' lang='lat'>—</span> <span class='ocrx_word' id='word_1_63' title='bbox 777 345 830 380; x_wconf 72' lang='lat'><strong>91),</strong></span> <span class='ocrx_word' id='word_1_64' title='bbox 853 345 867 374; x_wconf 91' lang='lat'>1</span> <span class='ocrx_word' id='word_1_65' title='bbox 896 355 960 382; x_wconf 82' lang='lat' dir='ltr'>sqq.</span> <span class='ocrx_word' id='word_1_66' title='bbox 989 345 1103 374; x_wconf 82' lang='lat' dir='ltr'>Caritas</span> <span class='ocrx_word' id='word_1_67' title='bbox 1129 347 1235 383; x_wconf 78' lang='lat' dir='ltr'>copula</span> <span class='ocrx_word' id='word_1_68' title='bbox 1250 347 1313 382; x_wconf 74' lang='lat' dir='ltr'>jam</span> <span class='ocrx_word' id='word_1_69' title='bbox 1337 350 1456 385; x_wconf 85' lang='lat' dir='ltr'>quidem</span> 
     </span>
     <span class='ocr_line' id='line_1_7' title="bbox 141 384 1454 422; baseline 0 -8"><span class='ocrx_word' id='word_1_70' title='bbox 141 395 233 414; x_wconf 86' lang='lat' dir='ltr'>unum</span> <span class='ocrx_word' id='word_1_71' title='bbox 259 395 319 415; x_wconf 91' lang='lat' dir='ltr'>non</span> <span class='ocrx_word' id='word_1_72' title='bbox 344 387 400 415; x_wconf 84' lang='lat' dir='ltr'>duo</span> <span class='ocrx_word' id='word_1_73' title='bbox 428 386 561 414; x_wconf 73' lang='lat' dir='ltr'>Chiistus</span> <span class='ocrx_word' id='word_1_74' title='bbox 592 388 620 413; x_wconf 87' lang='lat' dir='ltr'>et</span> <span class='ocrx_word' id='word_1_75' title='bbox 647 386 771 413; x_wconf 73' lang='lat' dir='ltr'>ecclesia</span> <span class='ocrx_word' id='word_1_76' title='bbox 796 392 904 418; x_wconf 62' lang='lat' dir='ltr'>“ponsa</span> <span class='ocrx_word' id='word_1_77' title='bbox 929 385 1030 420; x_wconf 84' lang='lat' dir='ltr'>sponsi</span> <span class='ocrx_word' id='word_1_78' title='bbox 1050 385 1147 412; x_wconf 82' lang='lat' dir='ltr'>unica.</span> <span class='ocrx_word' id='word_1_79' title='bbox 1171 384 1202 412; x_wconf 84' lang='lat' dir='ltr'>O.</span> <span class='ocrx_word' id='word_1_80' title='bbox 1224 400 1260 404; x_wconf 97' lang='lat'><strong>—</strong></span> <span class='ocrx_word' id='word_1_81' title='bbox 1282 385 1352 421; x_wconf 66' lang='lat'>102,</span> <span class='ocrx_word' id='word_1_82' title='bbox 1374 386 1388 414; x_wconf 95' lang='lat'>1</span> <span class='ocrx_word' id='word_1_83' title='bbox 1411 396 1454 422; x_wconf 82' lang='lat' dir='ltr'>sq.</span> 
     </span>
     <span class='ocr_line' id='line_1_8' title="bbox 140 422 962 461; baseline -0.004 -9"><span class='ocrx_word' id='word_1_84' title='bbox 140 425 309 461; x_wconf 75' lang='lat' dir='ltr'>Regnatura</span> <span class='ocrx_word' id='word_1_85' title='bbox 329 433 427 452; x_wconf 85' lang='lat' dir='ltr'>seeum</span> <span class='ocrx_word' id='word_1_86' title='bbox 448 427 477 452; x_wconf 78' lang='lat' dir='ltr'>et</span> <span class='ocrx_word' id='word_1_87' title='bbox 496 426 569 460; x_wconf 85' lang='lat' dir='ltr'>ipsa.</span> <span class='ocrx_word' id='word_1_88' title='bbox 592 424 623 451; x_wconf 90' lang='lat' dir='ltr'>C.</span> <span class='ocrx_word' id='word_1_89' title='bbox 644 439 682 443; x_wconf 92' lang='lat'>--</span> <span class='ocrx_word' id='word_1_90' title='bbox 701 422 831 451; x_wconf 83' lang='lat' dir='ltr'>Melodie</span> <span class='ocrx_word' id='word_1_91' title='bbox 849 423 881 449; x_wconf 89' lang='lat' dir='ltr'>in</span> <span class='ocrx_word' id='word_1_92' title='bbox 902 422 962 450; x_wconf 90' lang='lat' dir='ltr'>AB.</span> 
     </span>
    </p>
   </div>
   <div class='ocr_carea' id='block_1_3' title="bbox 531 513 1060 546">
    <p class='ocr_par' dir='ltr' id='par_1_3' title="bbox 531 513 1060 546">
     <span class='ocr_line' id='line_1_9' title="bbox 531 513 1060 546; baseline 0 0"><span class='ocrx_word' id='word_1_93' title='bbox 531 516 579 546; x_wconf 83' lang='grc'>48.</span> <span class='ocrx_word' id='word_1_94' title='bbox 617 515 653 546; x_wconf 85' lang='grc'>111</span> <span class='ocrx_word' id='word_1_95' title='bbox 673 513 877 546; x_wconf 79' lang='lat' dir='ltr'>Dedicatione</span> <span class='ocrx_word' id='word_1_96' title='bbox 900 514 1060 546; x_wconf 79' lang='lat' dir='ltr'>ecclesiae.</span> 
     </span>
    </p>
   </div>
   <div class='ocr_carea' id='block_1_4' title="bbox 132 583 1435 1420">
    <p class='ocr_par' dir='ltr' id='par_1_4' title="bbox 132 583 1435 1420">
     <span class='ocr_line' id='line_1_10' title="bbox 140 583 1318 625; baseline -0.001 -7"><span class='ocrx_word' id='word_1_97' title='bbox 140 586 195 619; x_wconf 86' lang='lat' dir='ltr'>la.</span> <span class='ocrx_word' id='word_1_98' title='bbox 221 585 327 617; x_wconf 77' lang='lat' dir='ltr'>Adest</span> <span class='ocrx_word' id='word_1_99' title='bbox 351 585 418 617; x_wconf 88' lang='lat' dir='ltr'>dies</span> <span class='ocrx_word' id='word_1_100' title='bbox 439 584 609 624; x_wconf 83' lang='lat' dir='ltr'>jubilaeus,</span> <span class='ocrx_word' id='word_1_101' title='bbox 825 583 882 617; x_wconf 85' lang='lat' dir='ltr'>lb.</span> <span class='ocrx_word' id='word_1_102' title='bbox 904 584 1027 616; x_wconf 81' lang='lat' dir='ltr'>Mundo</span> <span class='ocrx_word' id='word_1_103' title='bbox 1054 585 1143 616; x_wconf 89' lang='lat' dir='ltr'>dedit</span> <span class='ocrx_word' id='word_1_104' title='bbox 1168 585 1318 625; x_wconf 80' lang='lat' dir='ltr'>salutare,</span> 
     </span>
     <span class='ocr_line' id='line_1_11' title="bbox 221 631 1303 673; baseline 0.001 -10"><span class='ocrx_word' id='word_1_105' title='bbox 221 632 259 663; x_wconf 86' lang='lat' dir='ltr'>In</span> <span class='ocrx_word' id='word_1_106' title='bbox 285 641 345 671; x_wconf 90' lang='lat' dir='ltr'>quo</span> <span class='ocrx_word' id='word_1_107' title='bbox 370 640 509 663; x_wconf 84' lang='lat' dir='ltr'>summus</span> <span class='ocrx_word' id='word_1_108' title='bbox 532 634 626 672; x_wconf 85' lang='lat' dir='ltr'>pater</span> <span class='ocrx_word' id='word_1_109' title='bbox 650 632 737 664; x_wconf 85' lang='lat' dir='ltr'>Deus</span> <span class='ocrx_word' id='word_1_110' title='bbox 903 631 1002 672; x_wconf 86' lang='lat' dir='ltr'>Ergo,</span> <span class='ocrx_word' id='word_1_111' title='bbox 1028 631 1114 673; x_wconf 87' lang='lat' dir='ltr'>Sion,</span> <span class='ocrx_word' id='word_1_112' title='bbox 1141 633 1303 672; x_wconf 78' lang='lat' dir='ltr'>gratulare</span> 
     </span>
     <span class='ocr_line' id='line_1_12' title="bbox 269 678 1310 719; baseline 0.002 -9"><span class='ocrx_word' id='word_1_113' title='bbox 269 678 351 710; x_wconf 84' lang='lat' dir='ltr'>Suae</span> <span class='ocrx_word' id='word_1_114' title='bbox 378 680 493 711; x_wconf 89' lang='lat' dir='ltr'>donum</span> <span class='ocrx_word' id='word_1_115' title='bbox 517 680 638 719; x_wconf 85' lang='lat' dir='ltr'>gratiae</span> <span class='ocrx_word' id='word_1_116' title='bbox 975 679 1025 711; x_wconf 87' lang='lat' dir='ltr'>De</span> <span class='ocrx_word' id='word_1_117' title='bbox 1052 680 1134 712; x_wconf 89' lang='lat' dir='ltr'>dono</span> <span class='ocrx_word' id='word_1_118' title='bbox 1158 680 1310 712; x_wconf 87' lang='lat' dir='ltr'>laetitiae.</span> 
     </span>
     <span class='ocr_line' id='line_1_13' title="bbox 138 735 1311 777; baseline 0.001 -9"><span class='ocrx_word' id='word_1_119' title='bbox 138 737 195 768; x_wconf 86' lang='lat' dir='ltr'>2a.</span> <span class='ocrx_word' id='word_1_120' title='bbox 224 735 337 767; x_wconf 82' lang='lat' dir='ltr'>Gaude</span> <span class='ocrx_word' id='word_1_121' title='bbox 363 736 493 775; x_wconf 83' lang='lat' dir='ltr'>coelum,</span> <span class='ocrx_word' id='word_1_122' title='bbox 522 738 611 768; x_wconf 86' lang='lat' dir='ltr'>terra</span> <span class='ocrx_word' id='word_1_123' title='bbox 634 737 762 777; x_wconf 82' lang='lat' dir='ltr'>plaude,</span> <span class='ocrx_word' id='word_1_124' title='bbox 822 735 880 768; x_wconf 74' lang='lat' dir='ltr'>ab.</span> <span class='ocrx_word' id='word_1_125' title='bbox 906 736 957 768; x_wconf 89' lang='lat' dir='ltr'>De</span> <span class='ocrx_word' id='word_1_126' title='bbox 979 736 1126 776; x_wconf 83' lang='lat' dir='ltr'>supernis</span> <span class='ocrx_word' id='word_1_127' title='bbox 1150 737 1311 777; x_wconf 82' lang='lat' dir='ltr'>innovata,</span> 
     </span>
     <span class='ocr_line' id='line_1_14' title="bbox 221 782 1311 823; baseline 0.002 -9"><span class='ocrx_word' id='word_1_128' title='bbox 221 782 405 814; x_wconf 84' lang='lat' dir='ltr'>Juoundare</span> <span class='ocrx_word' id='word_1_129' title='bbox 431 783 527 823; x_wconf 83' lang='lat' dir='ltr'>digna</span> <span class='ocrx_word' id='word_1_130' title='bbox 550 783 645 815; x_wconf 89' lang='lat' dir='ltr'>laude</span> <span class='ocrx_word' id='word_1_131' title='bbox 905 783 999 815; x_wconf 83' lang='lat' dir='ltr'>Nova</span> <span class='ocrx_word' id='word_1_132' title='bbox 1021 784 1113 823; x_wconf 85' lang='lat' dir='ltr'>prole</span> <span class='ocrx_word' id='word_1_133' title='bbox 1137 782 1311 816; x_wconf 84' lang='lat' dir='ltr'>fecundata</span> 
     </span>
     <span class='ocr_line' id='line_1_15' title="bbox 267 829 1342 874; baseline 0.003 -13"><span class='ocrx_word' id='word_1_134' title='bbox 267 829 317 861; x_wconf 90' lang='lat' dir='ltr'>De</span> <span class='ocrx_word' id='word_1_135' title='bbox 343 830 462 864; x_wconf 84' lang='lat' dir='ltr'>Christi</span> <span class='ocrx_word' id='word_1_136' title='bbox 487 830 663 874; x_wconf 84' lang='lat' dir='ltr'>clementia,</span> <span class='ocrx_word' id='word_1_137' title='bbox 951 830 1046 862; x_wconf 82' lang='lat' dir='ltr'>Nunc</span> <span class='ocrx_word' id='word_1_138' title='bbox 1069 833 1172 863; x_wconf 85' lang='lat' dir='ltr'>mater</span> <span class='ocrx_word' id='word_1_139' title='bbox 1197 832 1342 866; x_wconf 83' lang='lat' dir='ltr'>eeclesia.</span> 
     </span>
     <span class='ocr_line' id='line_1_16' title="bbox 137 886 1271 921; baseline 0.002 -3"><span class='ocrx_word' id='word_1_140' title='bbox 137 888 193 919; x_wconf 82' lang='lat' dir='ltr'>3a.</span> <span class='ocrx_word' id='word_1_141' title='bbox 220 886 309 918; x_wconf 80' lang='lat' dir='ltr'>Haec</span> <span class='ocrx_word' id='word_1_142' title='bbox 333 889 382 918; x_wconf 87' lang='lat' dir='ltr'>est</span> <span class='ocrx_word' id='word_1_143' title='bbox 403 887 461 919; x_wconf 85' lang='lat' dir='ltr'>illa</span> <span class='ocrx_word' id='word_1_144' title='bbox 485 887 597 919; x_wconf 83' lang='lat' dir='ltr'>civitas</span> <span class='ocrx_word' id='word_1_145' title='bbox 822 887 882 921; x_wconf 85' lang='lat' dir='ltr'>3b.</span> <span class='ocrx_word' id='word_1_146' title='bbox 903 888 994 920; x_wconf 75' lang='lat' dir='ltr'>Haeo</span> <span class='ocrx_word' id='word_1_147' title='bbox 1019 890 1067 919; x_wconf 86' lang='lat' dir='ltr'>est</span> <span class='ocrx_word' id='word_1_148' title='bbox 1091 888 1125 919; x_wconf 91' lang='lat' dir='ltr'>in</span> <span class='ocrx_word' id='word_1_149' title='bbox 1151 888 1271 920; x_wconf 89' lang='lat' dir='ltr'>diluvio</span> 
     </span>
     <span class='ocr_line' id='line_1_17' title="bbox 266 933 1311 978; baseline 0.001 -13"><span class='ocrx_word' id='word_1_150' title='bbox 266 933 442 966; x_wconf 83' lang='lat' dir='ltr'>Jerusalem</span> <span class='ocrx_word' id='word_1_151' title='bbox 468 934 571 974; x_wconf 84' lang='lat' dir='ltr'>beata,</span> <span class='ocrx_word' id='word_1_152' title='bbox 952 934 1072 966; x_wconf 87' lang='lat' dir='ltr'>Summi</span> <span class='ocrx_word' id='word_1_153' title='bbox 1096 935 1180 974; x_wconf 89' lang='lat' dir='ltr'>regis</span> <span class='ocrx_word' id='word_1_154' title='bbox 1205 935 1311 978; x_wconf 82' lang='lat' dir='ltr'>archa,</span> 
     </span>
     <span class='ocr_line' id='line_1_18' title="bbox 218 980 1313 1022; baseline 0.002 -10"><span class='ocrx_word' id='word_1_155' title='bbox 218 980 372 1013; x_wconf 84' lang='lat' dir='ltr'>Johannis</span> <span class='ocrx_word' id='word_1_156' title='bbox 397 981 564 1022; x_wconf 85' lang='lat' dir='ltr'>praesagio</span> <span class='ocrx_word' id='word_1_157' title='bbox 903 982 1003 1021; x_wconf 78' lang='lat' dir='ltr'>Quam</span> <span class='ocrx_word' id='word_1_158' title='bbox 1026 982 1060 1013; x_wconf 86' lang='lat' dir='ltr'>in</span> <span class='ocrx_word' id='word_1_159' title='bbox 1083 982 1195 1013; x_wconf 87' lang='lat' dir='ltr'>mundi</span> <span class='ocrx_word' id='word_1_160' title='bbox 1216 980 1313 1015; x_wconf 68' lang='lat' dir='ltr'>fluvio</span> 
     </span>
     <span class='ocr_line' id='line_1_19' title="bbox 265 1027 1270 1069; baseline 0.001 -9"><span class='ocrx_word' id='word_1_161' title='bbox 265 1028 348 1067; x_wconf 63' lang='lat' dir='ltr'>Jam,</span> <span class='ocrx_word' id='word_1_162' title='bbox 363 1027 587 1068; x_wconf 86' lang='lat' dir='ltr'>praefigurata.</span> <span class='ocrx_word' id='word_1_163' title='bbox 950 1029 1059 1061; x_wconf 77' lang='lat' dir='ltr'>Novus</span> <span class='ocrx_word' id='word_1_164' title='bbox 1084 1029 1270 1069; x_wconf 85' lang='lat' dir='ltr'>patriarcha</span> 
     </span>
     <span class='ocr_line' id='line_1_20' title="bbox 132 1083 1344 1126; baseline 0.002 -10"><span class='ocrx_word' id='word_1_165' title='bbox 132 1085 190 1117; x_wconf 83' lang='lat' dir='ltr'>4a.</span> <span class='ocrx_word' id='word_1_166' title='bbox 217 1083 279 1116; x_wconf 89' lang='lat' dir='ltr'>Suo</span> <span class='ocrx_word' id='word_1_167' title='bbox 304 1093 415 1116; x_wconf 85' lang='lat' dir='ltr'>cruore</span> <span class='ocrx_word' id='word_1_168' title='bbox 439 1093 530 1117; x_wconf 87' lang='lat' dir='ltr'>roseo</span> <span class='ocrx_word' id='word_1_169' title='bbox 818 1085 877 1119; x_wconf 85' lang='lat' dir='ltr'>4b.</span> <span class='ocrx_word' id='word_1_170' title='bbox 900 1086 967 1117; x_wconf 82' lang='lat' dir='ltr'>Nos</span> <span class='ocrx_word' id='word_1_171' title='bbox 993 1095 1012 1117; x_wconf 87' lang='lat' dir='ltr'>a</span> <span class='ocrx_word' id='word_1_172' title='bbox 1035 1086 1177 1126; x_wconf 81' lang='lat' dir='ltr'>peccatis</span> <span class='ocrx_word' id='word_1_173' title='bbox 1200 1086 1344 1118; x_wconf 89' lang='lat' dir='ltr'>omnibus</span> 
     </span>
     <span class='ocr_line' id='line_1_21' title="bbox 263 1130 1209 1174; baseline 0.002 -11"><span class='ocrx_word' id='word_1_174' title='bbox 263 1131 338 1164; x_wconf 80' lang='lat' dir='ltr'>Rite</span> <span class='ocrx_word' id='word_1_175' title='bbox 360 1130 555 1174; x_wconf 81' lang='lat' dir='ltr'>fecundavit,</span> <span class='ocrx_word' id='word_1_176' title='bbox 949 1133 1033 1165; x_wconf 83' lang='lat' dir='ltr'>Vere</span> <span class='ocrx_word' id='word_1_177' title='bbox 1057 1133 1209 1166; x_wconf 82' lang='lat' dir='ltr'>liberavit</span> 
     </span>
     <span class='ocr_line' id='line_1_22' title="bbox 215 1178 1248 1220; baseline 0.003 -10"><span class='ocrx_word' id='word_1_178' title='bbox 215 1178 275 1217; x_wconf 77' lang='lat' dir='ltr'>Qui</span> <span class='ocrx_word' id='word_1_179' title='bbox 299 1182 332 1210; x_wconf 86' lang='lat' dir='ltr'>te</span> <span class='ocrx_word' id='word_1_180' title='bbox 356 1187 446 1211; x_wconf 80' lang='lat' dir='ltr'>sacro</span> <span class='ocrx_word' id='word_1_181' title='bbox 471 1180 572 1211; x_wconf 88' lang='lat' dir='ltr'>latere</span> <span class='ocrx_word' id='word_1_182' title='bbox 899 1180 943 1212; x_wconf 86' lang='lat' dir='ltr'>Et</span> <span class='ocrx_word' id='word_1_183' title='bbox 969 1181 1099 1213; x_wconf 81' lang='lat' dir='ltr'>coelesti</span> <span class='ocrx_word' id='word_1_184' title='bbox 1122 1181 1248 1220; x_wconf 81' lang='lat' dir='ltr'>patriae</span> 
     </span>
     <span class='ocr_line' id='line_1_23' title="bbox 262 1226 1271 1268; baseline 0.001 -9"><span class='ocrx_word' id='word_1_185' title='bbox 262 1226 388 1266; x_wconf 83' lang='lat' dir='ltr'>Jugiter</span> <span class='ocrx_word' id='word_1_186' title='bbox 411 1227 562 1260; x_wconf 82' lang='lat' dir='ltr'>manavit.</span> <span class='ocrx_word' id='word_1_187' title='bbox 947 1227 1014 1260; x_wconf 81' lang='lat' dir='ltr'>Nos</span> <span class='ocrx_word' id='word_1_188' title='bbox 1039 1229 1271 1268; x_wconf 65' lang='lat' dir='ltr'>aequiparavit,</span> 
     </span>
     <span class='ocr_line' id='line_1_24' title="bbox 132 1282 1435 1325; baseline 0.003 -10"><span class='ocrx_word' id='word_1_189' title='bbox 132 1284 189 1315; x_wconf 82' lang='lat' dir='ltr'>5a.</span> <span class='ocrx_word' id='word_1_190' title='bbox 215 1282 303 1323; x_wconf 84' lang='lat' dir='ltr'>Ergo</span> <span class='ocrx_word' id='word_1_191' title='bbox 325 1284 413 1322; x_wconf 82' lang='lat' dir='ltr'>Jesu,</span> <span class='ocrx_word' id='word_1_192' title='bbox 439 1292 497 1314; x_wconf 78' lang='lat' dir='ltr'>rex</span> <span class='ocrx_word' id='word_1_193' title='bbox 522 1284 690 1324; x_wconf 81' lang='lat' dir='ltr'>coelorum,</span> <span class='ocrx_word' id='word_1_194' title='bbox 818 1285 877 1318; x_wconf 85' lang='lat' dir='ltr'>5b.</span> <span class='ocrx_word' id='word_1_195' title='bbox 900 1284 946 1317; x_wconf 83' lang='lat' dir='ltr'>Ut</span> <span class='ocrx_word' id='word_1_196' title='bbox 967 1285 1141 1325; x_wconf 80' lang='lat' dir='ltr'>migrantes</span> <span class='ocrx_word' id='word_1_197' title='bbox 1168 1286 1208 1317; x_wconf 91' lang='lat' dir='ltr'>de</span> <span class='ocrx_word' id='word_1_198' title='bbox 1231 1286 1293 1318; x_wconf 88' lang='lat' dir='ltr'>hoc</span> <span class='ocrx_word' id='word_1_199' title='bbox 1317 1287 1435 1319; x_wconf 91' lang='lat' dir='ltr'>mundo</span> 
     </span>
     <span class='ocr_line' id='line_1_25' title="bbox 213 1329 1311 1373; baseline 0.004 -12"><span class='ocrx_word' id='word_1_200' title='bbox 213 1329 314 1362; x_wconf 87' lang='lat' dir='ltr'>Tuam</span> <span class='ocrx_word' id='word_1_201' title='bbox 337 1333 496 1362; x_wconf 85' lang='lat' dir='ltr'>catervam</span> <span class='ocrx_word' id='word_1_202' title='bbox 521 1331 682 1363; x_wconf 88' lang='lat' dir='ltr'>hominum</span> <span class='ocrx_word' id='word_1_203' title='bbox 900 1331 1081 1364; x_wconf 81' lang='lat' dir='ltr'>Gloriemur</span> <span class='ocrx_word' id='word_1_204' title='bbox 1107 1333 1148 1365; x_wconf 88' lang='lat' dir='ltr'>de</span> <span class='ocrx_word' id='word_1_205' title='bbox 1169 1333 1311 1373; x_wconf 83' lang='lat' dir='ltr'>jucundo</span> 
     </span>
     <span class='ocr_line' id='line_1_26' title="bbox 260 1377 1305 1420; baseline 0.005 -12"><span class='ocrx_word' id='word_1_206' title='bbox 260 1377 348 1417; x_wconf 84' lang='lat' dir='ltr'>Rege</span> <span class='ocrx_word' id='word_1_207' title='bbox 372 1378 441 1409; x_wconf 88' lang='lat' dir='ltr'>sine</span> <span class='ocrx_word' id='word_1_208' title='bbox 465 1378 609 1418; x_wconf 85' lang='lat' dir='ltr'>termino,</span> <span class='ocrx_word' id='word_1_209' title='bbox 946 1380 1143 1420; x_wconf 84' lang='lat' dir='ltr'>Angelorum</span> <span class='ocrx_word' id='word_1_210' title='bbox 1169 1381 1305 1414; x_wconf 89' lang='lat' dir='ltr'>domino.</span> 
     </span>
    </p>
   </div>
   <div class='ocr_carea' id='block_1_5' title="bbox 127 1442 1445 1556">
    <p class='ocr_par' dir='ltr' id='par_1_5' title="bbox 127 1442 1445 1556">
     <span class='ocr_line' id='line_1_27' title="bbox 206 1442 1442 1483; baseline 0.002 -12"><span class='ocrx_word' id='word_1_211' title='bbox 206 1442 295 1471; x_wconf 79' lang='lat' dir='ltr'>Grad.</span> <span class='ocrx_word' id='word_1_212' title='bbox 315 1451 368 1470; x_wconf 89' lang='lat' dir='ltr'>ms.</span> <span class='ocrx_word' id='word_1_213' title='bbox 389 1443 588 1471; x_wconf 82' lang='lat' dir='ltr'>Altovadense</span> <span class='ocrx_word' id='word_1_214' title='bbox 613 1442 650 1471; x_wconf 83' lang='lat'>42</span> <span class='ocrx_word' id='word_1_215' title='bbox 671 1446 742 1472; x_wconf 83' lang='lat' dir='ltr'>anni</span> <span class='ocrx_word' id='word_1_216' title='bbox 763 1443 846 1473; x_wconf 86' lang='lat'>1410.</span> <span class='ocrx_word' id='word_1_217' title='bbox 866 1445 901 1472; x_wconf 94' lang='lat' dir='ltr'>A.</span> <span class='ocrx_word' id='word_1_218' title='bbox 921 1461 959 1465; x_wconf 89' lang='lat'><strong>—</strong></span> <span class='ocrx_word' id='word_1_219' title='bbox 979 1446 1062 1473; x_wconf 87' lang='lat' dir='ltr'>Miss.</span> <span class='ocrx_word' id='word_1_220' title='bbox 1083 1454 1136 1472; x_wconf 88' lang='lat' dir='ltr'>ms.</span> <span class='ocrx_word' id='word_1_221' title='bbox 1156 1446 1303 1482; x_wconf 87' lang='lat' dir='ltr'>Plagense</span> <span class='ocrx_word' id='word_1_222' title='bbox 1323 1455 1346 1474; x_wconf 91' lang='lat' dir='ltr'>s.</span> <span class='ocrx_word' id='word_1_223' title='bbox 1367 1448 1442 1483; x_wconf 84' lang='lat' dir='ltr'>sign.</span> 
     </span>
     <span class='ocr_line' id='line_1_28' title="bbox 130 1478 1445 1519; baseline 0.005 -12"><span class='ocrx_word' id='word_1_224' title='bbox 130 1488 207 1508; x_wconf 72' lang='lat' dir='ltr'>saec.</span> <span class='ocrx_word' id='word_1_225' title='bbox 230 1478 274 1508; x_wconf 89' lang='lat'>15.</span> <span class='ocrx_word' id='word_1_226' title='bbox 294 1481 328 1509; x_wconf 89' lang='lat' dir='ltr'>B.</span> <span class='ocrx_word' id='word_1_227' title='bbox 348 1496 386 1500; x_wconf 91' lang='lat'>—</span> <span class='ocrx_word' id='word_1_228' title='bbox 404 1481 487 1509; x_wconf 85' lang='lat' dir='ltr'>Miss.</span> <span class='ocrx_word' id='word_1_229' title='bbox 507 1491 561 1509; x_wconf 87' lang='lat' dir='ltr'>ms.</span> <span class='ocrx_word' id='word_1_230' title='bbox 584 1483 753 1510; x_wconf 73' lang='lat' dir='ltr'>Cremsense</span> <span class='ocrx_word' id='word_1_231' title='bbox 774 1491 849 1510; x_wconf 80' lang='lat' dir='ltr'>saec.</span> <span class='ocrx_word' id='word_1_232' title='bbox 874 1482 918 1511; x_wconf 86' lang='lat'>15.</span> <span class='ocrx_word' id='word_1_233' title='bbox 940 1482 1008 1511; x_wconf 86' lang='lat' dir='ltr'>Cod.</span> <span class='ocrx_word' id='word_1_234' title='bbox 1025 1483 1163 1519; x_wconf 84' lang='lat' dir='ltr'>Pragens.</span> <span class='ocrx_word' id='word_1_235' title='bbox 1180 1484 1240 1512; x_wconf 88' lang='lat' dir='ltr'>XII</span> <span class='ocrx_word' id='word_1_236' title='bbox 1255 1485 1280 1512; x_wconf 92' lang='lat' dir='ltr'>B</span> <span class='ocrx_word' id='word_1_237' title='bbox 1298 1483 1342 1513; x_wconf 87' lang='lat'>13.</span> <span class='ocrx_word' id='word_1_238' title='bbox 1358 1485 1390 1514; x_wconf 80' lang='lat' dir='ltr'>G.</span> <span class='ocrx_word' id='word_1_239' title='bbox 1406 1500 1445 1504; x_wconf 93' lang='lat'>—</span> 
     </span>
     <span class='ocr_line' id='line_1_29' title="bbox 127 1518 1428 1556; baseline 0.004 -10"><span class='ocrx_word' id='word_1_240' title='bbox 127 1518 212 1546; x_wconf 83' lang='lat' dir='ltr'>Miss.</span> <span class='ocrx_word' id='word_1_241' title='bbox 232 1527 286 1546; x_wconf 88' lang='lat' dir='ltr'>ms.</span> <span class='ocrx_word' id='word_1_242' title='bbox 309 1518 403 1554; x_wconf 81' lang='lat' dir='ltr'>Capit.</span> <span class='ocrx_word' id='word_1_243' title='bbox 424 1519 607 1548; x_wconf 70' lang='lat' dir='ltr'>Olomucenr..</span> <span class='ocrx_word' id='word_1_244' title='bbox 628 1519 664 1548; x_wconf 83' lang='lat'>45</span> <span class='ocrx_word' id='word_1_245' title='bbox 686 1529 752 1548; x_wconf 72' lang='lat' dir='ltr'>saec</span> <span class='ocrx_word' id='word_1_246' title='bbox 784 1520 828 1549; x_wconf 87' lang='grc'>15.</span> <span class='ocrx_word' id='word_1_247' title='bbox 848 1521 886 1548; x_wconf 92' lang='lat' dir='ltr'>D.</span> <span class='ocrx_word' id='word_1_248' title='bbox 906 1536 944 1541; x_wconf 91' lang='lat'><em>-</em></span> <span class='ocrx_word' id='word_1_249' title='bbox 960 1520 1009 1556; x_wconf 79' lang='lat' dir='ltr'>5a,</span> <span class='ocrx_word' id='word_1_250' title='bbox 1031 1519 1049 1548; x_wconf 86' lang='lat'><strong>2</strong></span> <span class='ocrx_word' id='word_1_251' title='bbox 1067 1521 1206 1549; x_wconf 79' lang='lat' dir='ltr'>Nostram</span> <span class='ocrx_word' id='word_1_252' title='bbox 1226 1525 1375 1551; x_wconf 75' lang='lat' dir='ltr'>catervam</span> <span class='ocrx_word' id='word_1_253' title='bbox 1393 1524 1428 1551; x_wconf 92' lang='lat' dir='ltr'>B.</span> 
     </span>
    </p>
   </div>
   <div class='ocr_carea' id='block_1_6' title="bbox 575 1631 991 1663">
    <p class='ocr_par' dir='ltr' id='par_1_6' title="bbox 575 1631 991 1663">
     <span class='ocr_line' id='line_1_30' title="bbox 575 1631 991 1663; baseline 0.005 -2"><span class='ocrx_word' id='word_1_254' title='bbox 575 1631 625 1662; x_wconf 80' lang='lat'>49.</span> <span class='ocrx_word' id='word_1_255' title='bbox 665 1631 761 1662; x_wconf 83' lang='lat' dir='ltr'>Prosa</span> <span class='ocrx_word' id='word_1_256' title='bbox 779 1631 991 1663; x_wconf 81' lang='lat' dir='ltr'>Dominiealis.</span> 
     </span>
    </p>
   </div>
   <div class='ocr_carea' id='block_1_7' title="bbox 586 1701 918 1790">
    <p class='ocr_par' dir='ltr' id='par_1_7' title="bbox 586 1701 918 1790">
     <span class='ocr_line' id='line_1_31' title="bbox 586 1701 887 1740; baseline 0 -6"><span class='ocrx_word' id='word_1_257' title='bbox 586 1703 616 1734; x_wconf 85' lang='grc'>1.</span> <span class='ocrx_word' id='word_1_258' title='bbox 644 1701 703 1740; x_wconf 81' lang='lat' dir='ltr'>Qui</span> <span class='ocrx_word' id='word_1_259' title='bbox 729 1702 887 1734; x_wconf 89' lang='lat' dir='ltr'>coelorum</span> 
     </span>
     <span class='ocr_line' id='line_1_32' title="bbox 644 1750 918 1790; baseline 0.004 -9"><span class='ocrx_word' id='word_1_260' title='bbox 644 1750 785 1781; x_wconf 84' lang='lat' dir='ltr'>contines</span> <span class='ocrx_word' id='word_1_261' title='bbox 811 1758 918 1790; x_wconf 85' lang='lat' dir='ltr'>regna,</span> 
     </span>
    </p>
   </div>
   <div class='ocr_carea' id='block_1_8' title="bbox 124 1804 1331 2357">
    <p class='ocr_par' dir='ltr' id='par_1_8' title="bbox 124 1804 1331 2357">
     <span class='ocr_line' id='line_1_33' title="bbox 128 1804 1071 1841; baseline 0.003 -5"><span class='ocrx_word' id='word_1_262' title='bbox 128 1806 186 1839; x_wconf 85' lang='lat' dir='ltr'>2a.</span> <span class='ocrx_word' id='word_1_263' title='bbox 211 1804 383 1836; x_wconf 88' lang='lat' dir='ltr'>Dolentum</span> <span class='ocrx_word' id='word_1_264' title='bbox 813 1806 871 1841; x_wconf 83' lang='lat' dir='ltr'>2b.</span> <span class='ocrx_word' id='word_1_265' title='bbox 894 1807 1071 1840; x_wconf 84' lang='lat' dir='ltr'>Umbrosae</span> 
     </span>
     <span class='ocr_line' id='line_1_34' title="bbox 211 1852 1236 1895; baseline 0.005 -12"><span class='ocrx_word' id='word_1_266' title='bbox 211 1852 264 1892; x_wconf 88' lang='lat' dir='ltr'>qui</span> <span class='ocrx_word' id='word_1_267' title='bbox 290 1853 463 1885; x_wconf 81' lang='lat' dir='ltr'>consolatio</span> <span class='ocrx_word' id='word_1_268' title='bbox 897 1856 951 1895; x_wconf 91' lang='lat' dir='ltr'>qui</span> <span class='ocrx_word' id='word_1_269' title='bbox 973 1854 1031 1887; x_wconf 88' lang='lat' dir='ltr'>fies</span> <span class='ocrx_word' id='word_1_270' title='bbox 1057 1855 1236 1888; x_wconf 80' lang='lat' dir='ltr'>Jerusalem</span> 
     </span>
     <span class='ocr_line' id='line_1_35' title="bbox 213 1899 1178 1944; baseline 0.006 -14"><span class='ocrx_word' id='word_1_271' title='bbox 213 1899 430 1939; x_wconf 82' lang='lat' dir='ltr'>comprobaris</span> <span class='ocrx_word' id='word_1_272' title='bbox 454 1901 557 1943; x_wconf 77' lang='lat' dir='ltr'>unica,</span> <span class='ocrx_word' id='word_1_273' title='bbox 895 1903 1019 1935; x_wconf 82' lang='lat' dir='ltr'>ruitura</span> <span class='ocrx_word' id='word_1_274' title='bbox 1042 1904 1178 1944; x_wconf 84' lang='lat' dir='ltr'>moenia,</span> 
     </span>
     <span class='ocr_line' id='line_1_36' title="bbox 129 1955 1302 1994; baseline 0.006 -7"><span class='ocrx_word' id='word_1_275' title='bbox 129 1957 186 1988; x_wconf 84' lang='grc'>33.</span> <span class='ocrx_word' id='word_1_276' title='bbox 212 1955 346 1987; x_wconf 86' lang='lat' dir='ltr'>Nosmet</span> <span class='ocrx_word' id='word_1_277' title='bbox 370 1966 389 1988; x_wconf 87' lang='lat' dir='ltr'>a</span> <span class='ocrx_word' id='word_1_278' title='bbox 412 1957 505 1988; x_wconf 84' lang='lat' dir='ltr'>ruina</span> <span class='ocrx_word' id='word_1_279' title='bbox 530 1966 605 1989; x_wconf 84' lang='lat' dir='ltr'>vera</span> <span class='ocrx_word' id='word_1_280' title='bbox 814 1959 872 1993; x_wconf 85' lang='lat' dir='ltr'>3b.</span> <span class='ocrx_word' id='word_1_281' title='bbox 894 1960 1090 1992; x_wconf 85' lang='lat' dir='ltr'>Praevenire</span> <span class='ocrx_word' id='word_1_282' title='bbox 1114 1965 1170 1993; x_wconf 87' lang='lat' dir='ltr'>tua</span> <span class='ocrx_word' id='word_1_283' title='bbox 1193 1965 1302 1994; x_wconf 85' lang='lat' dir='ltr'>nostra</span> 
     </span>
     <span class='ocr_line' id='line_1_37' title="bbox 211 2003 1172 2042; baseline 0.006 -9"><span class='ocrx_word' id='word_1_284' title='bbox 211 2003 349 2042; x_wconf 87' lang='lat' dir='ltr'>petimus</span> <span class='ocrx_word' id='word_1_285' title='bbox 372 2004 484 2037; x_wconf 86' lang='lat' dir='ltr'>libera.</span> <span class='ocrx_word' id='word_1_286' title='bbox 894 2007 1002 2039; x_wconf 89' lang='lat' dir='ltr'>tribue</span> <span class='ocrx_word' id='word_1_287' title='bbox 1025 2007 1172 2040; x_wconf 88' lang='lat' dir='ltr'>lamenta.</span> 
     </span>
     <span class='ocr_line' id='line_1_38' title="bbox 127 2058 1331 2101; baseline 0.007 -11"><span class='ocrx_word' id='word_1_288' title='bbox 127 2061 183 2091; x_wconf 85' lang='lat' dir='ltr'>4a.</span> <span class='ocrx_word' id='word_1_289' title='bbox 212 2058 236 2091; x_wconf 98' lang='grc' dir='ltr'><strong>Ο</strong></span> <span class='ocrx_word' id='word_1_290' title='bbox 262 2059 367 2091; x_wconf 89' lang='lat' dir='ltr'>anima</span> <span class='ocrx_word' id='word_1_291' title='bbox 390 2061 569 2092; x_wconf 86' lang='lat' dir='ltr'>miserrima</span> <span class='ocrx_word' id='word_1_292' title='bbox 813 2064 872 2096; x_wconf 89' lang='lat' dir='ltr'>4b.</span> <span class='ocrx_word' id='word_1_293' title='bbox 895 2063 982 2101; x_wconf 80' lang='lat' dir='ltr'>Quae</span> <span class='ocrx_word' id='word_1_294' title='bbox 1007 2064 1091 2095; x_wconf 88' lang='lat' dir='ltr'>diem</span> <span class='ocrx_word' id='word_1_295' title='bbox 1112 2065 1331 2098; x_wconf 86' lang='lat' dir='ltr'>transitoriam</span> 
     </span>
     <span class='ocr_line' id='line_1_39' title="bbox 209 2105 1331 2151; baseline 0.007 -14"><span class='ocrx_word' id='word_1_296' title='bbox 209 2105 271 2137; x_wconf 85' lang='lat' dir='ltr'>hoc</span> <span class='ocrx_word' id='word_1_297' title='bbox 293 2107 431 2140; x_wconf 85' lang='lat' dir='ltr'>lamento</span> <span class='ocrx_word' id='word_1_298' title='bbox 456 2108 590 2151; x_wconf 82' lang='lat' dir='ltr'>signata7</span> <span class='ocrx_word' id='word_1_299' title='bbox 895 2110 948 2141; x_wconf 85' lang='lat' dir='ltr'>hie</span> <span class='ocrx_word' id='word_1_300' title='bbox 972 2110 1115 2143; x_wconf 83' lang='lat' dir='ltr'>celebras</span> <span class='ocrx_word' id='word_1_301' title='bbox 1142 2110 1331 2145; x_wconf 81' lang='lat' dir='ltr'>deflendam.</span> 
     </span>
     <span class='ocr_line' id='line_1_40' title="bbox 126 2162 1156 2207; baseline 0.007 -14"><span class='ocrx_word' id='word_1_302' title='bbox 126 2163 185 2194; x_wconf 73' lang='grc'>53.</span> <span class='ocrx_word' id='word_1_303' title='bbox 211 2162 308 2194; x_wconf 86' lang='lat' dir='ltr'>Malis</span> <span class='ocrx_word' id='word_1_304' title='bbox 333 2163 496 2196; x_wconf 86' lang='lat' dir='ltr'>absconsis</span> <span class='ocrx_word' id='word_1_305' title='bbox 813 2165 872 2199; x_wconf 82' lang='lat' dir='ltr'>5b.</span> <span class='ocrx_word' id='word_1_306' title='bbox 895 2167 934 2199; x_wconf 87' lang='lat' dir='ltr'>In</span> <span class='ocrx_word' id='word_1_307' title='bbox 961 2167 1013 2199; x_wconf 87' lang='lat' dir='ltr'>die</span> <span class='ocrx_word' id='word_1_308' title='bbox 1036 2176 1156 2207; x_wconf 84' lang='lat' dir='ltr'>poenas</span> 
     </span>
     <span class='ocr_line' id='line_1_41' title="bbox 210 2209 1251 2258; baseline 0.007 -17"><span class='ocrx_word' id='word_1_309' title='bbox 210 2209 288 2241; x_wconf 84' lang='lat' dir='ltr'>time</span> <span class='ocrx_word' id='word_1_310' title='bbox 311 2214 445 2243; x_wconf 85' lang='lat' dir='ltr'>ventura</span> <span class='ocrx_word' id='word_1_311' title='bbox 468 2214 623 2251; x_wconf 76' lang='lat' dir='ltr'>tempora,</span> <span class='ocrx_word' id='word_1_312' title='bbox 893 2222 935 2245; x_wconf 90' lang='lat' dir='ltr'>ne</span> <span class='ocrx_word' id='word_1_313' title='bbox 958 2213 1104 2253; x_wconf 83' lang='lat' dir='ltr'>perferas</span> <span class='ocrx_word' id='word_1_314' title='bbox 1129 2216 1251 2258; x_wconf 79' lang='lat' dir='ltr'>aliena3</span> 
     </span>
     <span class='ocr_line' id='line_1_42' title="bbox 124 2265 1315 2312; baseline 0.006 -15"><span class='ocrx_word' id='word_1_315' title='bbox 124 2267 183 2298; x_wconf 89' lang='lat' dir='ltr'>6a.</span> <span class='ocrx_word' id='word_1_316' title='bbox 210 2265 260 2297; x_wconf 83' lang='lat' dir='ltr'>Ne</span> <span class='ocrx_word' id='word_1_317' title='bbox 284 2267 369 2298; x_wconf 87' lang='lat' dir='ltr'>vallo</span> <span class='ocrx_word' id='word_1_318' title='bbox 395 2268 600 2305; x_wconf 83' lang='lat' dir='ltr'>circumdata,</span> <span class='ocrx_word' id='word_1_319' title='bbox 813 2268 872 2302; x_wconf 92' lang='lat' dir='ltr'>6b.</span> <span class='ocrx_word' id='word_1_320' title='bbox 895 2269 946 2301; x_wconf 81' lang='lat' dir='ltr'>Ne</span> <span class='ocrx_word' id='word_1_321' title='bbox 969 2272 1077 2303; x_wconf 87' lang='lat' dir='ltr'>terrae</span> <span class='ocrx_word' id='word_1_322' title='bbox 1102 2275 1315 2312; x_wconf 84' lang='lat' dir='ltr'>consternata,</span> 
     </span>
     <span class='ocr_line' id='line_1_43' title="bbox 209 2313 1180 2357; baseline 0.007 -13"><span class='ocrx_word' id='word_1_323' title='bbox 209 2313 363 2352; x_wconf 85' lang='lat' dir='ltr'>depressa</span> <span class='ocrx_word' id='word_1_324' title='bbox 387 2315 532 2354; x_wconf 86' lang='lat' dir='ltr'>angustia</span> <span class='ocrx_word' id='word_1_325' title='bbox 893 2316 1054 2357; x_wconf 88' lang='lat' dir='ltr'>lapidibus</span> <span class='ocrx_word' id='word_1_326' title='bbox 1079 2327 1180 2351; x_wconf 84' lang='lat' dir='ltr'>vacua</span> 
     </span>
    </p>
   </div>
   <div class='ocr_carea' id='block_1_9' title="bbox 208 2360 1268 2405">
    <p class='ocr_par' dir='ltr' id='par_1_9' title="bbox 208 2360 1268 2405">
     <span class='ocr_line' id='line_1_44' title="bbox 208 2360 1268 2405; baseline 0.006 -12"><span class='ocrx_word' id='word_1_327' title='bbox 208 2360 352 2400; x_wconf 80' lang='lat' dir='ltr'>requiras</span> <span class='ocrx_word' id='word_1_328' title='bbox 376 2361 528 2404; x_wconf 78' lang='lat' dir='ltr'>latibula3</span> <span class='ocrx_word' id='word_1_329' title='bbox 893 2364 982 2404; x_wconf 87' lang='lat' dir='ltr'>ipsis,</span> <span class='ocrx_word' id='word_1_330' title='bbox 1009 2374 1116 2405; x_wconf 86' lang='lat' dir='ltr'>gemas</span> <span class='ocrx_word' id='word_1_331' title='bbox 1140 2366 1268 2400; x_wconf 82' lang='lat' dir='ltr'>misera.</span> 
     </span>
    </p>
   </div>
  </div>
 </body>
</html>
