1653 2632
743 122 1001 156 —268—

214 219 271 250 23.
296 217 385 249 Auro
411 217 490 249 coeli
513 226 636 257 gemma
658 217 739 259 viva,

293 263 403 296 Novae
430 264 510 296 lucis
536 264 692 297 diffusiva.

294 313 375 344 Arte
396 320 435 343 ac
458 312 576 343 virtute
603 311 676 343 diva

341 360 567 399 Superin'texta
593 359 759 400 promicat,

210 417 267 448 3a.
293 415 370 447 Vita
394 416 497 447 clarus
521 418 553 446 et
576 415 704 454 politus,

296 462 419 494 Christo
444 463 526 502 lapis
550 462 730 503 insignitus,

294 511 391 548 Quem
417 510 537 549 gloriae
557 510 643 549 capit
668 510 747 541 situs

339 556 470 588 Gratiae
491 557 683 598 magisterio,

208 614 267 645 43.
295 612 531 644 Consummatus
556 613 598 645 ad
622 612 800 653 perfectum

289 660 355 691 Vas
377 660 506 700 gloriae,
534 669 587 692 vas
613 661 756 701 electum,

290 706 412 739 Lumen
436 710 548 746 patens
572 710 604 738 et
628 711 767 739 erectum

337 754 453 794 Fulget
474 755 509 786 111
534 755 625 787 domo
650 755 788 797 Domini,

208 813 268 844 5a.
296 811 406 844 Caecis
431 812 537 843 lumen
561 814 684 851 gratum
709 813 803 851 redit,

290 858 418 889 Transit
431 859 559 890 morbus
572 868 632 890 nec
640 860 707 898 Jam
720 860 829 900 laedit,

289 905 330 936 Vi
354 908 481 937 coactus
506 906 638 938 daemon
663 907 748 938 cedit

335 953 486 985 Invocat«)
508 953 651 994 Virgilio.

207 1009 263 1042 63.
289 1009 403 1041 Pastor
426 1015 519 1050 pater
544 1013 575 1041 et
598 1014 740 1050 patrone,

290 1056 374 1087 Tuos
397 1057 430 1088 in
455 1059 522 1088 tuto
548 1066 676 1097 repone,

288 1104 354 1142 Quo
381 1107 541 1136 consortes
566 1105 635 1144 spei
658 1105 761 1136 bonae

332 1150 434 1182 Firmi
458 1154 543 1182 stent
564 1151 597 1183 in
620 1152 770 1191 periculo.

895 218 952 251 2b.
976 218 1071 257 Cujus
1096 216 1202 257 fulgur
1228 227 1300 251 mox
1323 219 1484 259 inspectus

976 265 1094 297 Salutis
1121 267 1230 296 causat
1253 265 1380 298 effectus

978 311 1096 344 Contra
1120 312 1246 344 morbos
1272 316 1305 344 et
1330 312 1482 354 defectus,

1023 359 1057 391 Si
1081 358 1161 391 fides
1184 358 1275 392 firma
1300 361 1467 400 supplicat.

894 415 951 449 3b.
973 415 1058 447 Dum
1083 416 1123 447 de
1145 417 1262 448 mundo
1286 417 1502 460 triumphavit,

974 463 1058 495 Dum
1083 463 1205 495 hostem
1230 463 1291 495 sibi
1315 464 1497 502 substravit,

974 510 1050 542 Sese
1072 511 1201 542 vincens
1226 511 1392 550 adaptavit

1024 557 1157 590 Coelesti
1188 557 1343 590 aedificio.

891 613 950 647 41).
974 615 1070 654 0113115
1094 615 1220 655 pondus
1244 615 1429 647 meritorum

972 662 1010 693 In
1035 671 1164 694 numero
1192 661 1409 694 confessorum

972 709 1074 741 Sentit
1096 717 1189 750 opem
1212 710 1424 749 praemiorum

1017 756 1097 796 Ejus
1123 757 1255 789 devotus
1279 757 1406 791 nomini.

891 812 949 846 5b.
971 813 1057 844 Fons
1082 814 1201 853 gratiae
1227 816 1259 844 et
1282 814 1408 845 virtutis

970 860 1052 892 Late
1075 863 1164 899 patet
1188 859 1254 892 fide
1276 861 1355 892 tutis

973 906 1050 939 Cum
1074 910 1203 947 optatae
1226 916 1283 947 spe
1307 908 1418 939 salutis

1019 954 1084 988 Sub
1111 955 1178 994 ejus
1202 955 1390 994 patrocinio.

890 1011 949 1045 6b.
972 1012 1069 1051 Rege,
1096 1011 1194 1043 reduc
1218 1011 1403 1043 oberrantes

969 1058 1015 1090 Et
1040 1057 1190 1090 confirma
1213 1058 1294 1090 bene
1317 1061 1447 1099 stantes,

971 1106 1017 1138 Ut
1033 1109 1066 1137 te
1090 1106 1155 1137 sint
1177 1106 1230 1137 hic
1253 1106 1414 1137 imitantes

1017 1153 1061 1185 Et
1083 1153 1117 1184 in
1140 1151 1246 1184 futuro
1272 1154 1406 1185 saeculo.

281 1215 337 1242 Mis
391 1224 445 1243 ms.
465 1216 645 1244 Varaviense
672 1214 709 1244 35
735 1225 810 1244 saec.
840 1215 884 1245 14.
903 1218 940 1246 A.
959 1231 996 1236 —
1015 1219 1098 1245 Miss.
1119 1227 1172 1245 ms.
1193 1218 1222 1245 S.
1242 1218 1373 1246 Floriani
1393 1219 1437 1246 XI
1456 1217 1511 1247 383

204 1260 280 1280 saec.
309 1251 353 1280 15.
379 1254 412 1280 B.
501 1251 572 1281 Miss

559 1268 581 1281 s.
609 1263 661 1281 ms.
687 1254 716 1281 S.
745 1255 877 1282 Floriani
901 1256 946 1283 XI
971 1254 1028 1283 394
1052 1264 1127 1284 saec.
1156 1254 1200 1283 14.
1229 1255 1258 1283 C.
1285 1271 1324 1275 —
1349 1257 1432 1284 Miss.
1458 1266 1514 1284 ms.

206 1289 237 1317 S.
257 1290 390 1317 Floriani
408 1292 455 1318 m
472 1289 527 1318 221
550 1300 626 1319 saec.
654 1291 698 1319 14.
723 1293 758 1320 D.
782 1307 817 1311 —
836 1292 1258 1322 Cod.Palat.Vin‹10bonens.
1286 1293 1341 1322 547
1371 1303 1446 1322 snae(
1469 1293 1513 1323 15.

204 1327 243 1355 E.
262 1342 300 1346 —
319 1326 371 1360 31)
392 1327 410 1355 2
429 1329 507 1356 Dum
529 1331 557 1357 et
576 1330 696 1357 hostem.
718 1330 774 1357 BC.
796 1345 833 1349 —
852 1329 903 1364 4a,
926 1330 940 1358 1
963 1332 1140 1367 praefectum
1157 1332 1217 1360 BD.
1238 1347 1276 1351 —
1298 1331 1347 1365 63,
1368 1331 1386 1359 2
1406 1333 1438 1360 in
1461 1335 1511 1361 tuo

204 1374 316 1400 expone
335 1365 421 1393 BCD.

667 1457 732 1489 368.
772 1459 816 1489 De
839 1460 945 1490 sancto
967 1459 1048 1490 Vito.

206 1529 263 1560 13.
288 1527 454 1559 Athletam
479 1527 606 1569 Christi,
629 1528 802 1567 juvenilem

285 1575 398 1614 Annis,
424 1577 530 1606 mente
553 1575 610 1606 sed
635 1575 767 1606 senilem

337 1622 376 1654 In
401 1621 523 1653 salubri
546 1622 726 1661 prudentia.

206 1680 262 1710 2a.
290 1678 453 1710 Gloriosus
476 1687 556 1717 puer
580 1678 683 1721 Vitus,

285 1725 413 1758 ‘Virtute
435 1726 537 1757 multa
559 1726 725 1758 redimitus

330 1772 394 1805 Sua
415 1773 450 1804 in
472 1772 618 1811 infantia,

204 1831 261 1862 3a.
286 1829 434 1861 Membra
457 1832 550 1861 sanat
573 1829 723 1869 arefacta,

286 1876 389 1909 Caeca
411 1877 514 1916 patris
539 1880 613 1909 sunt
636 1878 768 1911 redacta

333 1925 373 1957 1n
390 1925 509 1957 virtute
528 1925 669 1965 propria,

200 1981 261 2013 43.
287 1981 386 2013 Vultu
406 1981 469 2012 Dei
492 1981 546 2012 hic
570 1982 688 2013 electus

285 2029 348 2060 Per
372 2028 509 2068 aquilam
534 2032 582 2060 est
606 2028 743 2060 refectus

333 2075 411 2108 Cum
435 2076 501 2107 suis
525 2076 698 2119 sodalibus,

201 2130 258 2163 5a.
285 2131 367 2170 Quos
399 2132 487 2163 velut
510 2133 598 2173 gigas
619 2133 825 2173 triumphavit

282 2179 321 2211 In
340 2178 464 2211 Christo
483 2179 569 2218 Jesu,
596 2189 688 2220 quem
704 2182 824 2212 amavit

331 2226 414 2258 Puro
440 2227 609 2267 desiderio,

199 2283 255 2314 6a.
282 2282 346 2314 Sed
377 2286 451 2322 post
476 2286 616 2317 catastae
642 2285 798 2317 cruciatus

284 2329 360 2361 Cum
389 2330 454 2361 suis
479 2341 603 2362 sursum
629 2335 678 2363 est
699 2333 822 2365 levatus

328 2377 382 2408 Ad
406 2378 535 2409 aethera
560 2388 631 2410 cum
652 2380 764 2422 jubilo,

888 1529 945 1562 1b.
968 1530 1162 1570 Perdignum
1188 1530 1284 1562 laude
1308 1539 1508 1572 veneremur,

966 1576 1047 1616 Ejus
1068 1577 1152 1609 mira
1173 1578 1372 1610 modulemur

1014 1624 1138 1656 Devota
1162 1634 1232 1656 cum
1255 1623 1443 1665 frequentia.

885 1680 944 1713 2b.
966 1681 1070 1721 Reges
1093 1690 1204 1713 saevos
1229 1684 1401 1721 superavit,

963 1728 1049 1760 Deos
1072 1738 1171 1761 vanos
1196 1732 1228 1760 et
1250 1730 1436 1770 prostravit,

1011 1777 1148 1816 Fugavit
1175 1777 1349 1809 daemonia.

884 1832 942 1865 312.
964 1833 1034 1865 Olla
1058 1832 1185 1865 fervens
1207 1834 1402 1874 tabescebat,

965 1880 1031 1912 Leo
1056 1879 1148 1913 ferox
1171 1890 1231 1912 nec
1254 1882 1404 1913 laedebat

1013 1927 1177 1960 Sacratam
1200 1927 1380 1963 infantiam.

882 1984 941 2016 4b.
961 1985 1008 2017 Ut
1031 1985 1115 2017 oliva
1137 1986 1348 2025 pullulantem

964 2033 1057 2065 Jesus
1081 2033 1196 2072 probat
1221 2033 1306 2064 hunc
1327 2033 1482 2065 infantem

1012 2079 1100 2111 Diris
1125 2080 1325 2113 cruciatibus.

883 2135 940 2168 5b.
964 2136 995 2167 A
1018 2139 1113 2176 patre
1135 2146 1230 2170 saevo
1255 2141 1450 2179 segregatur,

964 2183 1084 2215 Terrae
1105 2184 1296 2225 longinquae
1321 2186 1461 2218 sociatur

1008 2231 1099 2264 Duce
1122 2235 1218 2264 nauta
1243 2233 1364 2274 angelo.

881 2286 938 2320 6b.
961 2287 1028 2321 Ubi
1050 2288 1165 2320 decore
1188 2289 1350 2323 laureatus

961 2335 1087 2375 Regnat
1112 2335 1228 2369 festive
1250 2336 1415 2369 trabeatus

1009 2383 1093 2415 Prae
1121 2384 1276 2416 claritatis
1300 2384 1410 2424 pallio.
