1653 2632
719 133 981 169 —270—

207 232 287 265 12a.
313 232 416 264 Adest
439 231 541 270 stella,
567 239 682 270 praeco
707 230 799 271 lucis,
886 230 968 264 121).
990 231 1096 262 Timet
1118 231 1236 271 quippe
1259 231 1426 264 vulnerare

311 279 367 311 Bis
390 279 425 310 in
449 281 542 319 caput
568 278 670 310 sancti
696 277 785 309 ducis
989 278 1059 309 Nec
1081 278 1116 309 in
1140 278 1192 310 via
1216 279 1311 310 audet
1336 282 1430 314 stare,

309 326 413 358 Mittit
437 335 542 358 ensem
565 334 675 357 manus
700 325 799 356 trucis
995 324 1088 357 Cadit
1114 334 1227 357 curans
1252 325 1335 357 1111110
1358 326 1476 363 levare,

356 374 546 414 Indignante
571 373 695 413 gladi03
1040 372 1163 404 Reddit
1185 373 1256 412 pius
1280 373 1388 413 impio.

207 431 250 465 13
260 440 287 463 a.
316 431 439 463 Clamat
462 439 551 461 reus:
579 430 696 461 adsunt
719 430 767 460 rei
888 429 972 462 13‘0.
992 428 1190 471 Weneeslae,
1217 438 1274 461 rex
1300 438 1332 461 es
1357 429 1471 472 factus,

310 478 547 516 Trucidantque
570 480 711 508 sanctum
737 477 816 517 Dei;
994 476 1081 516 Rege
1104 479 1238 520 nostros,
1266 486 1283 508 o
1307 485 1374 515 rex,
1400 481 1498 520 actus,

313 525 489 557 Coronatur
513 525 570 559 tali
596 532 698 561 cruce,
992 523 1097 563 HuJus
1122 526 1228 555 terrae
1251 532 1326 564 rege
1347 533 1463 565 regem.

311 572 430 611 Regem
455 570 534 603 facit
560 571 644 603 hunc
670 571 710 603 de
735 571 815 603 duce
995 570 1073 603 Cum
1097 574 1227 610 pastore
1251 580 1326 612 rege
1349 580 1486 612 gregem,

358 619 454 658 Regis
480 627 588 658 regum
614 619 726 658 gratia.
1039 618 1124 658 Dux,
1153 619 1215 650 (1110
1238 619 1281 650 3(1
1307 619 1463 650 coelestia.

282 693 419 730 Sequent.
446 703 499 722 ms.
532 694 642 721 &mesti
666 694 703 722 de
727 694 875 721 Par-dubie
900 695 970 721 anni
998 692 1080 722 1360.
1108 691 1179 722 Cod.
1207 694 1300 730 Capit.
1321 696 1459 731 Pragens.
1488 704 1511 723 s.

205 734 281 769 sign.
300 747 336 752 —
349 732 430 760 Mel.:
451 732 568 759 Laudes
589 733 691 759 erucis.
705 748 744 752 —
758 730 807 761 23,
829 730 847 757 2
860 732 923 759 Deo
945 740 1028 760 carus
1042 732 1096 759 Hs.
1110 748 1148 752 —
1161 731 1216 765 4b,
1238 731 1255 759 2
1276 733 1376 761 demus
1391 734 1511 762 van'bus

206 772 260 799 Hs.
280 786 318 790 —
340 769 391 800 611,
416 770 428 797 1
451 771 533 798 Intus
559 773 583 796 =t
604 773 684 797 extra
703 771 757 798 Hs.
776 784 815 788 —
836 767 905 798 1212,
927 767 945 796 2
964 771 996 797 in
1014 771 1094 797 viam
1115 770 1185 798 oder
1205 772 1315 799 minam
1335 771 1388 798 Hs.

603 870 671 902 370.
711 870 755 901 De
775 870 881 901 sancto
902 869 1116 901 willibrordo.

233 942 288 975 13.
315 942 413 974 Festa
435 941 537 980 patris
562 940 765 973 Willibrordi
916 940 973 974 ib.
997 940 1092 979 Cujus
1117 940 1215 972 verbo
1240 940 1458 981 foecundatur,

317 989 388 1021 Sint
407 988 548 1027 jucunda
572 988 625 1027 pio
651 988 750 1022 cordi,
999 988 1094 1027 Cujus
1118 988 1183 1020 fide
1208 989 1420 1027 perlustratur

360 1036 484 1068 Psallat
506 1038 607 1066 mater
633 1035 775 1074 ecclesia,
1044 1035 1150 1067 Dante
1174 1035 1236 1067 Dei
1258 1036 1371 1077 gratia.

232 1095 289 1125 2a.
314 1092 378 1124 Hic
401 1091 536 1131 wilgiso
560 1094 652 1131 patre
676 1094 775 1131 satus,
916 1092 974 1126 2b.
997 1092 1133 1132 Magnus
1150 1091 1220 1124 fore
1231 1095 1514 1133 praemonstratur,

314 1140 433 1172 Plenae
455 1139 550 1170 lunae
573 1139 792 1178 praesignatus
999 1139 1126 1171 Summa
1149 1149 1280 1180 prorsus
1305 1140 1458 1172 educatur

361 1186 423 1218 Est
446 1186 541 1217 matri
564 1195 623 1225 per
647 1185 777 1225 somnia,
1044 1187 1149 1219 Patris
1176 1187 1349 1227 diligentia.

234 1245 289 1276 3a.
315 1243 508 1283 Applicatur
530 1242 664 1273 litterali
917 1244 973 1277 3b.
995 1244 1060 1277 Hic
1083 1244 1258 1275 instructus
1283 1245 1424 1284 regulari

315 1290 514 1329 Disciplinae
538 1289 677 1329 spiritali
997 1291 1074 1322 Vita
1097 1292 1207 1323 studet
1229 1290 1406 1332 informari,

362 1336 578 1376 Subsequente
601 1337 713 1376 gratia,
1044 1338 1240 1378 Frequentat
1266 1339 1427 1372 coenobia.

235 1395 290 1427 4a.
316 1393 443 1425 Exhinc
465 1393 550 1424 vitae
573 1392 705 1424 verbum
729 1393 819 1431 sevit,
914 1394 973 1426 41].
997 1394 1093 1434 Quae,
1107 1403 1148 1426 ne
1161 1393 1244 1426 ferat
1257 1404 1384 1435 semper
1395 1396 1514 1435 spinas,

314 1440 364 1472 De
390 1449 449 1479 quo
475 1448 564 1479 seges
588 1442 682 1479 parta
708 1440 806 1471 crevit
997 1441 1097 1474 Sanas
1123 1442 1263 1473 continet
1288 1442 1458 1476 doctrinas,

363 1487 532 1519 Renitente
555 1486 671 1524 Frisia,
1044 1489 1180 1521 Innovat
1208 1490 1346 1522 novalia.

238 1547 293 1577 53.
318 1544 422 1583 Hujus
447 1552 560 1575 nomen
583 1547 620 1574 ut
644 1544 781 1576 emersit.
917 1545 973 1578 5b.
995 1545 1059 1577 Hic
1082 1545 1226 1585 baptizat
1248 1548 1358 1577 natum
1385 1546 1483 1579 (111015.

318 1591 392 1622 Dux
407 1591 564 1630 Pippinus
588 1591 672 1622 hunc
687 1591 831 1632 accersit,
996 1592 1110 1624 Totam
1133 1595 1259 1633 gentem
1282 1601 1379 1625 verae
1401 1593 1482 1624 lucis

366 1638 424 1671 Cui
448 1638 583 1677 parebat
605 1637 758 1679 Francia3
1045 1639 1165 1672 imbuit
1187 1640 1310 1673 notitia.

241 1697 295 1728 6a.
322 1694 442 1727 Suadet
468 1695 541 1736 dux,
568 1695 675 1726 aditur
699 1695 809 1737 Roma,
918 1696 976 1730 6b.
999 1697 1076 1728 Post
1099 1699 1166 1727 tres
1193 1696 1261 1728 dies
1286 1697 1336 1728 vir
1359 1696 1471 1729 beatus

316 1742 367 1774 De
390 1751 450 1782 quo
474 1741 621 1782 pontifex
645 1751 748 1774 aroma
1000 1743 1208 1782 Adi-entabit,
1234 1745 1434 1783 praesulatus

367 1790 461 1829 Capit
483 1790 545 1821 hoc
566 1790 601 1821 in
626 1790 762 1822 somnia:
1046 1791 1141 1825 Hunc
1164 1791 1315 1823 sublimes
1338 1791 1451 1825 infula.

239 1848 293 1879 73.
321 1846 453 1878 Sanctus
467 1847 567 1882 adest,
583 1850 711 1878 currunt
723 1848 836 1879 turbae
920 1849 938 1880 7
945 1848 978 1882 b.
1000 1848 1230 1887 Archipraesul
1255 1849 1432 1889 ordinatur,

318 1894 439 1929 clerus,
465 1903 550 1934 papa
573 1894 681 1933 prodit
705 1894 794 1934 urbe,
1002 1895 1126 1927 Nomen
1152 1895 1297 1927 Clemens
1322 1897 1505 1937 adaptatur,

366 1941 544 1981 Suscipitur
569 1950 639 1972 eum
662 1942 772 1981 gloria,
1048 1943 1145 1975 Redit
1170 1945 1280 1975 auctus
1305 1944 1418 1983 gratia.

238 1999 294 2032 83,
321 1997 420 2029 1)31115
445 1998 545 2029 stillat
570 1998 654 2029 vitae
679 1998 819 2037 verbum,
920 1999 979 2033 8b.
999 2000 1064 2032 Hic
1086 2000 1240 2040 baptizat,
1268 2000 1309 2032 de
1333 2000 1446 2032 Fosite

320 2045 411 2084 Quod
422 2054 485 2076 non
500 2045 585 2084 capit
596 2046 836 2084 corsuperbum,
1000 2048 1105 2080 Fonte
1127 2046 1249 2079 fontem
1273 2056 1402 2079 sacrans
1428 2048 1521 2087 vitae,

366 2092 524 2124 Visitatur
550 2093 667 2133 Frisia,
1049 2094 1113 2126 Ter
1139 2094 1292 2126 denorum
1317 2104 1460 2135 corpora..

239 2150 294 2181 9a.
319 2149 412 2181 Friso
436 2149 526 2180 ridet
549 2151 581 2179 et
604 2148 734 2188 fatiscit,
921 2151 980 2184 91).
1003 2151 1062 2184 Cui
1085 2151 1216 2183 tandem
1239 2160 1356 2191 parens
1381 2152 1475 2191 victa,

320 2196 421 2227 Morti
453 2196 530 2227 dare
554 2199 697 2228 sanctum
723 2197 837 2237 gliscit,
1002 2198 1208 2230 Willibrordi
1233 2200 1318 2238 capit
1346 2199 1431 2233 dicta

370 2242 434 2274 Sed
463 2246 588 2275 coercet
610 2244 767 2283 Francia;
1048 2245 1217 2278 Devovens
1246 2246 1420 2278 daemonia.

220 2299 299 2332 103.
325 2297 365 2330 In
385 2299 533 2339 Trajeeto
557 2301 733 2339 praesulari
898 2302 979 2335 10b.
1004 2304 1090 2335 Aeta
1111 2303 1187 2343 vita,
1214 2303 1322 2342 verbo,
1348 2303 1446 2343 signis

321 2346 404 2379 Sede
428 2347 490 2378 sita
513 2348 647 2379 salutari
1003 2349 1050 2382 Ut
1074 2350 1221 2383 columna.
1244 2349 1368 2390 fulgens
1391 2351 1475 2390 ignis

369 2393 467 2425 Totus
491 2398 583 2426 vacat
608 2404 715 2437 opera,
1051 2397 1182 2429 Transit
1206 2398 1249 2429 ad
1274 2398 1434 2432 coelestia.
