1653 2632
718 143 977 180 —240—

874 239 955 272 121³.
976 238 1068 277 Quod
1093 246 1113 268 a
1135 238 1339 275 peecatorum
1364 242 1443 265 nece

978 285 1083 317 Simus
1107 283 1217 314 mundi

981 333 1121 371 Postque
1144 330 1255 361 mundi

1027 378 1140 410 Finem
1166 386 1264 417 supra
1287 376 1405 408 sidera.

190 247 269 280 12a.
295 245 381 277 Hinc
404 246 528 284 patrem
553 243 640 282 pium
658 250 813 281 rogemus,

297 292 343 324 Ut
366 292 414 323 sic
437 294 564 332 stemus,

294 339 379 371 Dum
402 346 563 369 manemus

343 386 381 417 In
405 385 466 416 hac
489 384 575 416 valle
596 382 722 421 misera,

265 461 380 487 Prosar.
401 467 454 485 ms.
477 457 631 485 Coelestin.
653 456 691 483 ad
707 455 778 483 Stae
796 455 911 482 Mariae
925 454 1057 481 Paris-ius
1077 461 1154 480 saec.
1174 449 1248 478 1411⁵.
1271 451 1340 479 Cod.
1354 451 1503 478 Mazarim

189 496 255 525 447.
277 496 361 531 (757).
381 511 419 515 —
433 495 518 522 Mel-z
537 495 627 521 Mane
645 494 742 529 prima
761 493 887 526 sabbati,
912 492 982 519 aber
1001 493 1056 518 mit
1067 490 1166 518 vielen
1178 489 1422 525 Abwesthungeu,
1445 489 1500 515 wie

192 536 282 563 sehon
302 535 353 562 das
366 530 517 561 Versmass
537 532 682 568 nahelegt.
718 531 755 558 In
772 529 813 558 la
825 539 853 557 u.
868 530 887 557 b
906 529 981 557 fehlt
999 538 1025 556 z.
1039 529 1073 556 B.
1095 528 1143 556 ‹h'e
1162 528 1249 555 dritte
1262 527 1342 555 Zeile
1361 527 1412 554 der
1430 526 1503 554 Mel.

588 641 652 673 326.
690 640 726 672 In
749 649 772 671 s.
793 639 879 671 Petri
902 639 941 670 ad
962 639 1099 670 vincula.

650 712 682 744 1.
709 711 784 743 Alle
809 730 852 734 —
879 713 991 742 nostra
1014 712 1154 750 pangant

707 767 826 798 organa
850 775 893 780 ——
919 757 996 797 luJ'a.

298 2301 402 2332 desint
427 2305 459 2332 et
481 2302 602 2342 nociva,

295 2348 401 2378 adsint
426 2350 572 2388 tempora

295 2394 419 2425 siderea
443 2404 502 2434 per
526 2397 641 2428 saecla.

216 819 273 850 Za.
302 816 396 849 Clara
422 816 500 851 dies,
527 824 589 854 qua
899 814 956 847 212.
978 814 1085 846 Instat
1109 822 1193 844 nunc
1218 822 1280 853 qua

299 864 402 895 -oluta
426 865 498 894 sunt
523 862 650 894 vincula
981 861 1070 893 Petri
1095 860 1209 892 summi
1239 859 1356 891 ferrea.

216 923 270 955 322.
297 920 436 953 Herodis
467 918 582 950 fraude
899 918 957 951 3b.
980 917 1018 949 ln
1044 926 1107 957 qua
1130 916 1255 949 Judaea

297 970 442 999 servatur
466 966 601 997 subdola
981 965 1048 1004 ejus
1070 972 1148 996 nece
1171 964 1307 1003 plaudat

295 1014 366 1047 neci
390 1016 464 1053 post
488 1013 598 1053 azima,
979 1015 1086 1043 mente
1111 1011 1261 1043 belluina.

215 1074 272 1105 4a.
300 1071 404 1110 Speeu
430 1070 589 1101 clauditur
898 1069 956 1102 4b.
979 1068 1107 1100 Summa
1130 1067 1251 1099 lumina

296 1118 441 1154 obscuro,
461 1117 512 1148 cui
536 1114 658 1148 confert
981 1115 1196 1147 ecclesiastica

299 1165 418 1198 Christi
442 1172 526 1196 nunc
550 1163 653 1203 gratia
979 1171 1076 1202 prece
1097 1163 1163 1201 Jam
1187 1163 1301 1202 petita.

217 1224 273 1255 5a.
301 1221 414 1254 Omnia
899 1220 956 1253 5b.
976 1219 1085 1251 Dubia,

299 1269 352 1308 qui
376 1267 466 1307 fugat
490 1267 608 1302 nubila,
979 1267 1085 1306 posita
1107 1266 1240 1303 somnia,

299 1315 429 1355 angelus
977 1315 1084 1353 Petre,
1106 1314 1172 1353 ‚iam

297 1362 345 1393 illi
371 1362 487 1400 adstat,
514 1360 633 1392 famina
980 1369 1112 1400 surgens
1140 1361 1181 1392 da
1205 1359 1361 1391 solamina

301 1409 408 1440 dicens
431 1408 478 1439 ita
501 1416 579 1440 voce
603 1407 677 1447 pia:
980 1408 1043 1439 tuis
1068 1408 1124 1439 sed
1151 1406 1327 1441 salutifera.

215 1467 273 1498 6a.
299 1465 451 1497 Exsultat
476 1464 620 1504 denique,
898 1464 955 1498 6b.
982 1464 1166 1503 Clementia,
1194 1464 1313 1503 (licens,

299 1512 383 1552 quod
410 1512 518 1543 divina
979 1520 1063 1543 nunc
1089 1511 1197 1543 divina

297 1561 418 1590 reserat
981 1559 1087 1598 quieta

294 1606 395 1638 virtus
421 1606 528 1637 clausa
978 1606 1066 1637 misit
1092 1605 1178 1637 coelo

297 1662 390 1685 caeca
413 1653 533 1685 limina.
978 1653 1057 1684 mihi
1080 1653 1220 1684 numina.

215 1711 233 1742 7
242 1719 269 1741 a.
298 1708 395 1741 Petre
419 1712 538 1748 sancte,
898 1710 957 1743 710.
982 1710 1178 1750 Angelorum

295 1757 364 1788 laus
392 1757 484 1788 decet
508 1765 596 1796 quem
623 1765 754 1796 summa,
979 1757 1110 1789 vocibus
1135 1766 1196 1797 quo
1221 1759 1332 1789 nostra

297 1807 436 1835 nostram
462 1812 558 1844 sume,
979 1814 1041 1836 vox
1063 1805 1215 1845 jungatur

296 1860 381 1882 nune
406 1860 596 1891 camoenam,
980 1861 1040 1892 per
1064 1852 1200 1884 saecula.

213 1909 269 1940 8a.
296 1908 341 1939 Et
366 1908 428 1939 duc
453 1917 512 1947 per
536 1916 655 1948 pascua
898 1909 956 1942 8b.
979 1909 1169 1941 Nostrorum
1192 1918 1230 1940 ae
1255 1909 1344 1941 solve

294 1964 426 1986 amoena
451 1955 492 1987 ad
516 1965 615 1995 regna
981 1957 1146 1988 criminum
1171 1956 1308 1996 vincula,

296 2000 446 2042 florigera
979 2003 1077 2034 simus
1101 2003 1194 2042 plebs
1219 2006 1255 2035 ut

295 2058 352 2080 nos
377 2052 433 2080 tua
456 2049 569 2089 gratia,
979 2051 1041 2081 rite
1067 2050 1198 2082 deicola.

215 2106 270 2137 9a.
299 2104 393 2136 Cu1ia
415 2105 520 2137 nitens
898 2106 957 2141 9b.
981 2107 1114 2139 Sacrum
1138 2115 1265 2146 semper
1291 2116 1416 2140 canens=

295 2152 330 2182 in
353 2152 469 2192 polica,
979 2153 1131 2193 AlleluJ'a,

191 2207 269 2240 loa.
298 2208 419 2240 Cuncta
441 2211 578 2247 impetra
872 2209 954 2242 lOb.
976 2210 1057 2241 Esto
1081 2213 1276 2249 praepotens

297 2255 470 2294 commoda,
978 2258 1079 2296 galea,

977 2313 1085 2335 murus
1112 2306 1144 2334 et
1166 2305 1268 2336 lorica

979 2354 1089 2383 contra
1110 2351 1217 2390 jacula

977 2397 1152 2430 inferorum
1177 2398 1315 2438 perfida.
