1653 2632
696 140 934 175 —77-

157 225 216 257 22..
243 224 396 265 Speciosa
420 230 501 261 00011
524 235 629 273 porta,
844 237 902 269 2b.
926 239 1044 272 Christi
1069 245 1170 272 mater
1193 241 1371 285 benedicta,

239 273 302 304 Per
325 282 419 314 quam
441 277 537 316 justis
562 279 617 311 lux
639 283 688 313 est
706 285 786 326 orta,
928 286 1011 318 Vero
1036 287 1104 319 sole
1127 290 1214 320 stans
1238 290 1363 331 amicta,

239 320 330 353 Tuae
353 322 443 355 laudi
467 334 525 357 nos
551 326 704 371 conforta,
924 332 1044 365 Nostra
1067 334 1138 366 tolli
1160 334 1213 367 fac
1238 337 1363 378 delicta,

240 366 372 410 Corrige
398 370 542 413 distorta,
927 379 1059 412 Solvans
1083 380 1212 423 inflicta,

287 415 783 462 bonaperditapraestoreporta.
971 428 1096 460 miseris
1120 430 1280 463 medicina
1303 432 1426 466 relicta.

155 481 213 513 3a.
239 481 290 513 De
314 484 462 523 supernis
486 489 594 518 auster
617 486 716 528 flavit,
842 491 904 526 3b.
926 493 951 525 O
973 494 1118 526 mirande
1143 495 1325 540 coelibatus,

239 528 300 568 Qui
326 530 400 562 dum
425 532 484 563 tibi
510 533 713 568 obumbravit
921 539 974 571 Ex
997 543 1029 572 te
1055 541 1141 573 Deus
1165 543 1349 576 incarnatus

237 576 289 607 Ac
312 579 346 608 te
372 578 461 618 virgo
487 578 673 614 fecundavit
920 586 981 619 Est
1004 597 1062 628 pro
1087 589 1179 621 nobis
1202 590 1392 633 immolatus,

235 624 319 663 Quos
344 633 402 656 sua
425 626 599 666 plasmavit
922 634 960 666 In
987 643 1080 667 011100
1104 636 1269 670 damnatus

283 679 394 703 manus
411 673 470 705 hos
486 674 594 714 lapsos
608 677 780 716 reparavit.
969 682 1008 713 ob
1033 684 1135 715 nostri
1157 685 1272 717 damna
1294 689 1411 722 reatus,

151 736 209 769 4a.
235 735 437 770 infirmorum
464 742 667 782 consolatrix,
838 745 897 779 4b.
922 747 1151 789 Resurgentem
1173 754 1261 783 tuum
1285 754 1393 783 natum

235 783 440 824 Captivorum
461 787 640 829 liberatrix,
920 794 1023 835 Super
1043 797 1147 829 coelos
1173 798 1329 830 elevatum

234 831 434 871 perditorum
460 836 651 876 reparatriX‚
919 841 970 874 Ita
993 843 1084 875 nobis
1108 842 1161 876 fac
1183 845 1354 886 placatum,

230 878 347 911 Mundi
371 881 536 922 salvatrix,
919 889 965 921 Ut
987 899 1046 929 per
1068 899 1204 931 pneuma
1230 893 1336 924 datum

279 926 456 960 animarum
479 938 601 962 summa
625 930 761 963 beatrix.
969 937 1108 970 dimittat
1132 947 1286 979 quemque
1310 944 1444 974 reatum.

149 993 209 1025 52.
237 992 308 1024 Jam
333 993 367 1025 in
392 1003 489 1035 regno
513 996 705 1037 sublimaris,
836 1000 893 1035 5b.
917 1002 968 1034 De
992 1006 1143 1044 torrente,
1168 1005 1352 1046 voluptatis,

234 1039 311 1072 Nati
331 1041 455 1073 vultum
481 1044 715 1084 contemplariS,
917 1049 984 1087 Quo
1009 1051 1131 1090 potaris
1158 1060 1229 1083 cum
1254 1052 1364 1094 beatis,

230 1086 276 1119 Ut
299 1089 410 1128 regina
436 1091 610 1131 coronaris,
917 1097 1017 1128 Prece
1041 1100 1115 1129 tuae
1135 1099 1266 1137 pietatis

232 1133 349 1167 Nescia
373 1136 492 1176 quippe
516 1138 604 1176 paris
916 1143 1093 1184 Participes
1118 1146 1217 1185 gratis

275 1191 378 1222 prope
399 1192 506 1223 regem
533 1184 626 1224 digna
643 1185 769 1219 locaris.
959 1189 1058 1223 faciat
1080 1201 1137 1223 nos
1162 1191 1233 1224 fons
1259 1193 1419 1227 bonitatis.

221 1254 359 1292 Sequent.
380 1266 433 1284 ms.
447 1258 668 1287 Lunaelacense
688 1268 763 1288 sace.
782 1260 824 1289 15.
840 1262 909 1290 (jod.
925 1264 1021 1292 Palatt
1035 1265 1253 1295 vindobonens.
1271 1266 1354 1296 4977.
1371 1270 1405 1297 A.
1422 1284 1458 1288 —

144 1291 229 1319 Cant.
247 1302 301 1320 ms.
317 1295 497 1330 Tegurinum
516 1304 592 1323 saec.
616 1295 661 1324 15.
684 1298 763 1333 Cgm.
784 1300 953 1329 Monaeens.
975 1301 1039 1330 716.
1060 1304 1093 1330 B.
1115 1318 1150 1322 -—
1166 1304 1246 1332 Orat.
1266 1314 1319 1333 ms.
1342 1306 1459 1334 Under-

144 1330 280 1358 dorfense
300 1340 375 1359 saec.
398 1332 442 1360 15.
464 1332 536 1360 Clm.
556 1334 725 1363 Monacens.
747 1335 830 1365 7815.
853 1338 884 1365 C.
906 1354 943 1359 —-
963 1337 1017 1374 21),
1046 1338 1063 1367 2
1085 1343 1147 1369 stas
1164 1342 1198 1369 B.
1218 1359 1257 1363 —
1277 1341 1329 1377 3a,
1350 1343 1368 1371 2
1389 1345 1458 1373 dum

140 1368 215 1395 fehlt
237 1369 268 1396 C.
288 1384 326 1388 —
345 1368 400 1404 3a,
421 1369 441 1398 4
461 1379 504 1407 sq.
544 1371 624 1405 Quos
649 1381 703 1400 sua
726 1374 843 1403 bonitas
868 1377 1027 1411 plasmavit
1052 1381 1203 1414 reparavit
1221 1380 1290 1408 dum
1311 1384 1456 1417 serpentis

141 1409 230 1442 caput
248 1408 279 1434 in
301 1409 330 1435 te
350 1410 462 1436 stravit.
484 1409 515 1437 C.
536 1425 574 1430 —
595 1408 647 1444 3b,
671 1408 688 1437 2
707 1412 756 1439 Ex
775 1415 805 1441 te
823 1414 898 1441 fehlt
917 1416 949 1442 C.
963 1431 1002 1436 —
1017 1414 1070 1451 3b,
1091 1416 1108 1444 5
1130 1420 1232 1445 nostra
1251 1419 1283 1446 C.
1306 1434 1343 1438 —
1362 1419 1414 1455 4a,
1437 1418 1458 1449 4

139 1444 368 1480 Desperatorum
389 1446 535 1475 salvatrix
553 1447 586 1475 C.
606 1464 644 1468 —
663 1448 714 1484 4a,
736 1449 753 1478 5
774 1459 888 1480 summa
904 1453 1058 1482 liberatrix
1080 1455 1112 1484 O.
1134 1470 1170 1474 —-
1189 1455 1241 1492 5b,
1264 1456 1278 1484 1
1301 1457 1457 1486 Nec-,tarem

136 1482 298 1519 voluptatis
320 1484 351 1511 C.

585 1588 630 1619 97.
669 1589 713 1620 De
734 1589 830 1622 beata
849 1591 949 1623 Maria
969 1593 1005 1624 V.

139 1667 196 1699 1a.
223 1665 301 1698 Flos
327 1667 367 1699 de
392 1667 484 1707 spina
508 1672 706 1710 procreatur,
825 1672 883 1705 1b.
905 1674 996 1706 Inter
1020 1675 1128 1715 spinas
1152 1686 1226 1709 rosa
1250 1679 1375 1719 crescit,

215 1713 261 1745 Et
284 1712 343 1746 flos
368 1713 447 1746 flore
470 1714 662 1749 fecundatur
906 1721 972 1754 Sed
995 1722 1112 1762 spineti
1138 1724 1245 1756 dolum
1269 1726 1370 1757 nescit

264 1762 419 1793 Fructum
443 1762 529 1795 vitae
553 1763 738 1805 proferens3
950 1769 1029 1801 Flos
1054 1779 1134 1810 prae
1151 1772 1272 1803 cunctis
1289 1773 1449 1807 redolens.

138 1827 195 1859 2a.
221 1826 312 1858 Haec
337 1830 387 1858 est
409 1828 499 1860 Evae
524 1829 565 1861 de
588 1830 698 1861 radice
822 1833 879 1866 2b.
902 1834 992 1866 Haec
1016 1836 1137 1868 radicis
1161 1846 1277 1870 noxam
1296 1840 1388 1879 gerit,

214 1873 313 1914 Virga
333 1877 409 1907 nata
433 1876 613 1915 peccatrice
905 1881 970 1914 Sed
993 1882 1027 1914 in
1051 1883 1109 1915 illa
1132 1893 1217 1916 noxa
1240 1886 1327 1924 perit

263 1921 371 1954 Primo
397 1931 508 1955 carens
534 1923 622 1964 vitio,
950 1929 1139 1963 Fecundata
1162 1930 1238 1966 filio.

133 1989 190 2021 3a.
216 1988 308 2020 Haec
325 1992 375 2021 est
398 1999 473 2022 rosa
498 1989 645 2030 delicata,
821 1994 878 2027 3b.
903 1996 1126 2037 Paranympho
1152 1999 1299 2040 salutata,

215 2036 303 2076 Quae
329 2037 370 2069 de
394 2046 505 2079 regum
528 2038 625 2070 ramis
650 2042 726 2071 nata
902 2044 1138 2085 Pneumateque
1160 2046 1390 2089 impraegnata,

260 2084 362 2116 Nobis
387 2084 453 2117 fert
476 2086 706 2127 umbraculum,
950 2091 1068 2125 Christi
1092 2093 1342 2127 tabernaculum.

129 2148 186 2180 4a.
214 2148 285 2179 Ave
310 2147 399 2188 virgo
424 2148 601 2189 gravidata,
818 2152 878 2185 4b.
900 2153 980 2193 Igne
1001 2163 1092 2187 sacro
1116 2153 1321 2199 inflammata,

212 2194 306 2227 Rubo
330 2195 438 2235 Moysi
463 2196 596 2238 signata,
901 2201 964 2233 Per
988 2203 1020 2233 te
1044 2202 1152 2243 51111115,
1182 2204 1348 2245 advocat-a,

261 2242 411 2276 Genitrix
435 2244 641 2284 verbigenae3
947 2249 1066 2284 coelici
1091 2250 1269 2291 indigenae.

124 2306 180 2339 5a.
207 2305 257 2337 Tu
282 2314 315 2337 es
340 2308 445 2337 mater
467 2305 654 2348 Salomonis,
817 2310 876 2345 5b.
899 2311 948 2343 Tu
973 2320 1006 2343 es
1031 2312 1122 2345 vivus
1147 2312 1219 2346 fons
1243 2314 1419 2361 hortorum,

203 2353 312 2394 Digna
335 2354 472 2394 sceptris
498 2356 531 2386 et
555 2355 690 2393 coronis,
898 2359 996 2399 Quem
1019 2369 1109 2393 mens
1131 2360 1200 2393 sitit
1222 2361 1430 2408 infirmorum,

255 2403 280 2436 Ο
306 2402 416 2443 regina
442 2402 581 2444 gloriae3
945 2408 970 2441 Ο
995 2408 1149 2448 pincerna
1170 2410 1292 2445 veniae.
