1653 2632
705 145 961 180 —237—

170 239 226 272 Ga.
252 238 348 271 Felix
372 240 525 280 apostole,
859 242 916 276 6b.
938 242 984 275 Ut
1006 245 1110 274 tecum
1136 241 1245 275 felices

251 287 362 326 Paule,
391 288 439 320 vir
461 288 581 328 inclite,
940 289 1044 321 Simus
1071 293 1103 321 et
1128 294 1288 323 consortes

301 334 403 367 Nobis
428 344 578 366 succurre
987 338 1064 370 Cum
1091 338 1278 370 coelestibus

347 379 435 422 apud
459 382 572 423 Deum,
1033 385 1067 416 in
1090 387 1263 419 aeternum.

247 457 335 485 (irad.
357 466 410 484 ms.
431 458 608 485 Praedioatt.
631 457 815 485 Cracoviens.
837 467 860 485 s.
881 460 956 496 sign.
985 467 1060 487 saec.
1081 457 1156 487 1⁵!10.
1176 460 1210 487 A.
1230 476 1269 480 -
1292 461 1375 488 Miss.
1396 461 1450 488 Pr„

169 495 332 523 dicatorum
351 496 422 532 imp.
441 496 575 523 Venetiis
598 493 671 524 1523
692 496 724 523 B.
744 511 783 516 —
806 496 889 524 Mel-z
916 497 1136 525 Laetabundus.
1158 513 1197 518 —
1220 498 1276 527 Str.
1301 498 1314 526 1
1333 498 1486 534 unrichtig·

168 534 279 569 geteilt.
300 548 339 552 —
359 531 410 568 2a,
431 531 449 559 2
468 534 668 561 Prolustratus
689 534 724 560 A.
746 549 785 553 —
804 532 856 567 3b‚
878 533 894 561 1
916 538 1028 563 asseret
1046 536 1081 563 A.

555 625 624 656 322.
664 625 699 656 In
722 624 926 657 conversione
946 634 969 657 s.
990 627 1091 658 Pauli.

683 697 699 729 1
708 721 715 728 .
741 696 868 729 Laudes
894 698 1021 730 Christo

192 756 247 786 Za.
277 753 433 785 Canamus
459 753 591 784 colendo
878 754 936 787 2b.
959 756 1056 795 Quem
1081 755 1234 787 Dominus
1259 759 1350 787 tanta

273 801 366 834 Pauli
391 800 554 840 solemnia,
962 802 1076 834 ditavit
1100 803 1212 843 gratia,

190 869 246 901 3a.
273 867 320 900 Ut
345 867 458 898 doctor
483 865 621 905 gentium
878 868 934 900 3b.
959 869 1069 908 Agnus
1096 869 1135 900 de
1160 869 1246 908 lupo,
1275 869 1314 899 de

273 914 312 947 ab
339 914 424 946 omni
448 916 580 946 vocetur
605 913 749 953 ecc1esia‚
957 918 1161 955 persecutore
1187 916 1390 955 evangelista.

190 982 247 1014 4a.
273 980 402 1012 Mutata
425 982 500 1010 sunt
524 987 630 1018 opera,
875 980 936 1013 4b.
958 981 1131 1021 Instigatus
1157 979 1243 1012 furia

271 1029 435 1059 mutantur
461 1028 493 1057 et
516 1026 654 1065 nomina,
960 1028 1064 1060 dirum
1083 1028 1170 1059 virus
1197 1026 1336 1066 efflabat,

271 1074 392 1107 Paulus
417 1073 607 1112 nominatur,
956 1077 1063 1114 strage
1089 1075 1249 1107 dirissima

272 1122 326 1162 qui
351 1121 465 1153 Saulus
494 1123 569 1152 ante
594 1119 697 1151 dictus
959 1122 1100 1153 membra
1127 1122 1245 1154 Christi
1270 1122 1416 1154 saeviens

271 1169 385 1201 fuerat.
956 1172 1097 1201 vexarat.

188 1239 246 1270 5a.
272 1236 344 1269 Lux
369 1235 519 1267 aetherea
874 1234 931 1266 5b.
957 1234 1162 1273 spiritualem

269 1292 362 1323 quem
388 1283 519 1313 circum—
956 1280 1020 1313 Sed
1046 1281 1074 1312 ei

269 1330 394 1370 fulgens
419 1330 489 1361 visu
513 1328 630 1368 privat,
954 1328 1102 1360 intuitum
1128 1329 1233 1360 donat.

184 1399 239 1431 6a.
265 1397 443 1429 Minantem
468 1403 579 1426 saevas
873 1394 931 1427 6b.
956 1394 1078 1427 Sternit
1102 1402 1171 1425 eum
1196 1394 1253 1426 sed

266 1443 416 1476 fidelibus
440 1451 559 1483 poenas
953 1444 1097 1473 ruentem
1119 1442 1231 1474 elevat.

182 1513 238 1545 72.
265 1511 434 1550 Dejectum
460 1509 617 1548 increpat,
870 1510 888 1540 7
895 1507 926 1543 b.
948 1508 1137 1540 Panduntur
1160 1508 1209 1539 illi
1235 1507 1345 1540 divina

262 1559 433 1597 increpans
460 1556 616 1596 emendat,
673 1580 688 1597 *
826 1581 841 1597 *
951 1557 1084 1595 secreta,

263 1605 364 1658 ᾗᾶθῑχ
721 1613 726 1622 ²
751 1638 764 1655 a<
787 1610 803 1626 *
950 1617 1053 1649 Audit
1077 1625 1201 1656 quoque
1225 1616 1326 1648 verba

265 1654 429 1686 doetrmae
448 1650 657 1689 commendat,
673 1694 688 1710 ss
711 1666 726 1682 *
787 1666 803 1683 εκ
828 1702 837 1711 ἢ
951 1665 986 1695 in
1010 1664 1097 1695 00010
1121 1664 1267 1704 mystica,

260 1713 471 1747 Defensorem
497 1711 650 1743 ecclesiae
953 1711 1073 1743 homini

264 1762 402 1794 ordinat.
951 1757 1137 1791 ineffabilia.

180 1831 235 1863 8a.
262 1829 360 1868 Quem
384 1826 475 1867 prius
868 1825 930 1858 8b.
953 1824 1160 1856 Postmodum

262 1875 431 1916 Synagoga
455 1873 656 1910 educaverat,
951 1872 1090 1904 laetatur
1112 1874 1214 1903 mater
1239 1871 1385 1906 ecclesia,

179 1946 235 1977 9a.
260 1941 429 1983 Mysteria‚
868 1938 925 1972 9b.
949 1938 1036 1970 Nero
1061 1937 1191 1977 resistit,
1219 1937 1273 1977 qui

261 1999 342 2031 quae
365 1991 510 2030 noverat,
952 1985 1077 2018 colebat
1103 1985 1200 2025 idola,

258 2047 318 2079 per
342 2039 441 2069 totum
468 2036 537 2067 iens
563 2034 672 2067 orbem
710 2040 755 2082 ⁹⁶*
797 2068 813 2082 ἥ
828 2044 840 2053 *
947 2043 1036 2075 Ense
1062 2042 1131 2075 diro

258 2086 436 2126 praedicata
739 2125 755 2139 ÷÷
771 2101 784 2110 ·
797 2125 813 2139 ᾗ
947 2091 1038 2122 illum
1062 2092 1165 2130 necat,

257 2143 356 2176 Venit
379 2142 512 2174 Romam
535 2149 647 2173 verum
710 2154 726 2168 κ
827 2157 840 2168 .
948 2139 1066 2171 mundo
1092 2140 1273 2177 exemptum
1296 2138 1397 2170 mittit

254 2191 359 2224 Deum
384 2188 584 2222 annuntians.
945 2187 986 2218 ad
1012 2187 1108 2218 astra.

149 2261 230 2295 102.
258 2259 325 2299 Quo
350 2266 408 2290 nos
433 2256 520 2289 Deus
545 2254 728 2287 miserando
840 2253 922 2288 10b.
946 2253 1083 2293 Adjutos
1108 2261 1206 2293 prece
1229 2252 1322 2285 Pauli

494 2303 652 2344 perducat
1185 2300 1297 2332 sancti.
1334 2300 1451 2335 Amen,

221 2385 306 2412 Miss.
332 2391 385 2411 ms.
404 2382 552 2410 Beccense
578 2387 653 2407 saec.
680 2376 724 2406 13.
747 2377 816 2406 Cod.
834 2378 995 2406 Parisiens.
1025 2375 1107 2405 1105.
1148 2377 1206 2405 Mit
1223 2376 1293 2404 Mel.
1315 2392 1351 2395 —
1372 2376 1429 2411 71³,
1451 2374 1472 2405 5

144 2432 221 2462 quae
239 2423 354 2451 homini
375 2422 451 2449 sunt.
473 2434 509 2439 —
531 2417 583 2452 Sa,
606 2416 621 2445 1
643 2426 687 2455 sq.
709 2416 870 2454 Synagoga
890 2417 981 2453 prius.
