1653 2632
173 344 229 376 1a.

174 495 229 526 Za.

177 645 233 677 3a.

177 794 234 827 4a.

180 945 236 977 5a.

187 1618 242 1649 2a.

188 1720 245 1753 3a.

188 1871 244 1903 4a.

192 2069 248 2101 5a.

194 2266 248 2297 6a.

687 151 948 187 *214—

569 258 635 289 256.
674 256 716 288 De
737 256 846 287 sancta
865 250 1080 292 margaretha.

256 342 334 374 Orta
358 341 458 380 stirpe
482 339 593 378 nobili,

256 389 332 421 Vita
359 386 601 419 commendabili

305 434 514 474 Margaretha
537 431 655 465 floruit.

257 492 356 531 Quam
379 491 580 530 perspectam
603 488 720 528 impius

257 537 443 571 Praefectus
470 535 619 575 Olybrius

304 586 460 617 Precatur
483 583 517 613 in
543 582 716 622 conjugem,

260 641 359 680 Quam
379 640 414 671 in
440 638 567 672 Christo
591 638 699 669 vivere

261 689 401 721 Cernens
426 694 485 717 nec
510 685 678 717 devincere

308 735 379 767 Suis
404 733 514 765 valens
539 731 699 772 precibus.

259 792 403 825 Tandem
428 788 514 821 foras
537 788 676 819 trahitur

259 840 305 872 Et
331 838 418 871 duris
443 835 597 875 affligitur

306 886 477 925 Vi1garum
498 883 625 914 aculeis.

260 943 305 974 Et
328 942 443 973 iterum
468 939 639 977 clauditur,

261 989 327 1022 Ubi
354 989 449 1020 draco
475 987 611 1017 vincitur

311 1036 406 1076 Signo
433 1033 535 1066 crucis
562 1033 699 1073 penitus.

856 332 916 366 lb.
937 330 1059 363 Habitu
1084 328 1141 360 sub
1166 327 1279 360 humili

941 377 1054 416 Corde,
1081 378 1154 408 voto
1179 375 1288 407 stabili

984 424 1068 458 Fide
1094 423 1212 455 Christi
1236 422 1346 462 viguit.

858 483 916 517 2b.
941 482 1005 515 Sed
1029 480 1107 512 fidei
1130 479 1279 519 praevius

941 529 1069 568 Clipeus
1096 527 1240 567 egregius

987 577 1081 609 Hanc
1104 576 1211 605 tuetur
1235 573 1400 612 virginem.

860 634 918 668 3b.
944 633 1043 667 Jubet
1065 640 1138 663 mox
1163 630 1317 670 arripere,

940 681 991 712 Ac
1013 686 1183 719 pressurae
1205 677 1335 708 tradere

988 725 1189 765 Firmarique
1213 723 1367 757 vectibus.

862 784 920 817 41).
942 782 1078 823 Ungulis
1101 781 1178 812 hinc
1205 780 1372 820 scinditur,

946 830 1012 864 Ubi
1036 828 1161 868 sanguis
1187 827 1341 866 funditur,

993 876 1064 908 Nec
1088 874 1173 906 cedit
1195 878 1233 905 ut
1255 874 1367 913 paleis.

865 934 922 968 5b.
945 934 1033 966 Ense
1059 933 1183 964 demum
1209 930 1362 968 caeditur,

945 980 1012 1014 Ubi
1037 979 1163 1013 Christo
1197 978 1347 1017 creditur,

991 1027 1037 1059 Et
1059 1025 1097 1058 fin
1120 1024 1199 1057 felix
1222 1025 1386 1057 transitus

569 1091 599 1122 6.
625 1089 698 1129 Eja‚
727 1088 829 1127 virgo,
854 1084 1047 1122 memineris,

628 1136 709 1175 Quid
732 1135 766 1166 in
791 1136 895 1165 morte
917 1131 1060 1173 petieris,

625 1183 672 1216 Ut
694 1191 753 1222 per
776 1184 832 1212 tua
854 1179 1039 1220 precamina

627 1230 747 1262 Nostra
771 1229 935 1260 solvantur
961 1226 1102 1258 crimina.

265 1309 351 1336 Grad.
371 1316 424 1334 nis.
447 1306 541 1342 Capit.
562 1305 745 1332 Olomuuens.
767 1300 821 1330 195
842 1310 918 1329 saec.
939 1299 984 1328 14.

582 1429 647 1459 287.
689 1427 731 1458 Dc
751 1427 861 1457 sancta
880 1424 1094 1464 Margaretha.

594 1509 626 1541 1.
652 1507 751 1539 Sacra
773 1514 858 1538 nunc
879 1503 1091 1544 Margaretha

647 1558 702 1586 tua
725 1554 846 1586 al'acres
871 1551 954 1583 festa

268 1614 336 1646 Nos
363 1614 493 1646 colimus
517 1621 629 1652 preces

269 1660 439 1693 fundentes

270 1718 316 1751 Ut
340 1718 402 1749 tuis
427 1716 575 1757 precibus

270 1766 389 1797 sedulis
414 1774 471 1796 nos
498 1765 587 1804 juvet

272 1822 310 1845 ac
332 1813 418 1844 locet
442 1812 586 1851 Olympo‚

270 1868 514 1901 Blandientibus

271 1917 401 1957 tyranni
426 1915 564 1947 crudelis

274 1963 470 1995 sermonibus

273 2020 337 2042 non
362 2018 576 2048 consenseras,

274 2068 320 2100 Et
342 2075 453 2106 presso

275 2114 379 2154 capite
403 2112 559 2152 serpentis

276 2169 314 2192 ac
338 2161 458 2193 calcato

273 2208 358 2247 pede
380 2211 490 2238 tenero

275 2265 335 2303 Qui
358 2266 391 2295 te
417 2262 559 2295 defendit

276 2320 337 2350 ope
359 2311 472 2342 suimet

276 2358 363 2389 nullo
387 2357 545 2389 vincenda

276 2407 427 2444 scutoque
450 2413 512 2435 non
537 2403 683 2434 terrestri

870 1609 929 1642 2b.
952 1607 1079 1639 Famuli
1103 1607 1146 1638 ad
1169 1606 1272 1638 Deum

953 1654 1123 1694 supplices.

871 1712 929 1745 3b.
952 1713 1037 1751 Quae
1061 1711 1171 1743 mundi
1195 1710 1299 1750 gloria

952 1759 1047 1798 hujus
1070 1758 1251 1798 postposita

955 1814 1063 1839 amore
1089 1806 1195 1837 divino

872 1864 930 1897 410.
953 1862 1228 1903 Depollicentibus

956 1911 1080 1942 scilicet,
1103 1909 1222 1949 nuptiis

958 1957 1082 1997 Olybrii

956 2005 1042 2037 vitae
1064 2003 1255 2044 praesentis.

876 2062 932 2095 5b.
955 2061 1097 2093 Nitentis

955 2109 1096 2148 sorbere,
1122 2108 1231 2147 puella

955 2156 1077 2195 inclita,
1103 2158 1146 2197 te,

960 2203 1084 2236 Christo
1107 2202 1249 2234 haesisti.

876 2260 934 2293 6b.
959 2262 1067 2299 Atque
1090 2262 1234 2299 tempore

958 2306 1047 2338 finito
1071 2313 1193 2346 poenae

959 2354 1198 2394 martyrizatam

959 2401 1123 2433 transtulit
1147 2399 1189 2431 ad
1214 2398 1332 2430 sidera.
