<?xml version="1.0" encoding="UTF-8"?>
<!DOCTYPE html PUBLIC "-//W3C//DTD XHTML 1.0 Transitional//EN"
    "http://www.w3.org/TR/xhtml1/DTD/xhtml1-transitional.dtd">
<html xmlns="http://www.w3.org/1999/xhtml" xml:lang="en" lang="en">
 <head>
  <title>
</title>
<meta http-equiv="Content-Type" content="text/html;charset=utf-8" />
  <meta name='ocr-system' content='tesseract 3.04.00' />
  <meta name='ocr-capabilities' content='ocr_page ocr_carea ocr_par ocr_line ocrx_word'/>
</head>
<body>
  <div class='ocr_page' id='page_1' title='image "./analectahymnica09drevuoft_00066.png"; bbox 0 0 1653 2632; ppageno 0'>
   <div class='ocr_carea' id='block_1_1' title="bbox 707 143 945 178">
    <p class='ocr_par' dir='ltr' id='par_1_1' title="bbox 707 143 945 178">
     <span class='ocr_line' id='line_1_1' title="bbox 707 143 945 178; baseline 0.004 -11"><span class='ocrx_word' id='word_1_1' title='bbox 707 143 945 178; x_wconf 63' lang='lat'>-65-</span> 
     </span>
    </p>
   </div>
   <div class='ocr_carea' id='block_1_2' title="bbox 139 229 1455 2168">
    <p class='ocr_par' dir='ltr' id='par_1_2' title="bbox 190 229 1358 378">
     <span class='ocr_line' id='line_1_2' title="bbox 190 229 1342 281; baseline 0.015 -21"><span class='ocrx_word' id='word_1_2' title='bbox 190 229 248 263; x_wconf 83' lang='lat' dir='ltr'>2a.</span> <span class='ocrx_word' id='word_1_3' title='bbox 274 229 392 262; x_wconf 78' lang='lat' dir='ltr'>Matris</span> <span class='ocrx_word' id='word_1_4' title='bbox 417 234 602 272; x_wconf 78' lang='lat' dir='ltr'>praecelsae</span> <span class='ocrx_word' id='word_1_5' title='bbox 624 238 772 270; x_wconf 84' lang='lat' dir='ltr'>meritum</span> <span class='ocrx_word' id='word_1_6' title='bbox 880 240 937 273; x_wconf 84' lang='lat' dir='ltr'>2b.</span> <span class='ocrx_word' id='word_1_7' title='bbox 962 240 1057 281; x_wconf 83' lang='lat' dir='ltr'>Cujus</span> <span class='ocrx_word' id='word_1_8' title='bbox 1082 243 1189 275; x_wconf 88' lang='lat' dir='ltr'>votiva</span> <span class='ocrx_word' id='word_1_9' title='bbox 1214 246 1342 278; x_wconf 81' lang='lat' dir='ltr'>castitas</span> 
     </span>
     <span class='ocr_line' id='line_1_3' title="bbox 273 276 1358 333; baseline 0.016 -25"><span class='ocrx_word' id='word_1_10' title='bbox 273 276 460 311; x_wconf 85' lang='lat' dir='ltr'>Naturalem</span> <span class='ocrx_word' id='word_1_11' title='bbox 485 280 648 315; x_wconf 90' lang='lat' dir='ltr'>interitum</span> <span class='ocrx_word' id='word_1_12' title='bbox 958 288 1004 320; x_wconf 89' lang='lat' dir='ltr'>Et</span> <span class='ocrx_word' id='word_1_13' title='bbox 1025 289 1194 330; x_wconf 86' lang='lat' dir='ltr'>singularis</span> <span class='ocrx_word' id='word_1_14' title='bbox 1220 292 1358 333; x_wconf 75' lang='lat' dir='ltr'>dignitas</span> 
     </span>
     <span class='ocr_line' id='line_1_4' title="bbox 273 324 1262 378; baseline 0.015 -23"><span class='ocrx_word' id='word_1_15' title='bbox 273 324 456 359; x_wconf 87' lang='lat' dir='ltr'>Recludens</span> <span class='ocrx_word' id='word_1_16' title='bbox 482 328 567 361; x_wconf 88' lang='lat' dir='ltr'>vitae</span> <span class='ocrx_word' id='word_1_17' title='bbox 959 335 1141 368; x_wconf 89' lang='lat' dir='ltr'>Humanum</span> <span class='ocrx_word' id='word_1_18' title='bbox 1165 347 1262 378; x_wconf 89' lang='lat' dir='ltr'>genus</span> 
     </span>
    </p>

    <p class='ocr_par' dir='ltr' id='par_1_3' title="bbox 180 375 1455 1122">
     <span class='ocr_line' id='line_1_5' title="bbox 319 375 1382 426; baseline 0.015 -22"><span class='ocrx_word' id='word_1_19' title='bbox 319 375 477 407; x_wconf 87' lang='lat' dir='ltr'>reseravit</span> <span class='ocrx_word' id='word_1_20' title='bbox 500 376 638 419; x_wconf 90' lang='lat' dir='ltr'>aditum;</span> <span class='ocrx_word' id='word_1_21' title='bbox 1006 383 1188 417; x_wconf 86' lang='lat' dir='ltr'>refecerunt</span> <span class='ocrx_word' id='word_1_22' title='bbox 1210 387 1382 426; x_wconf 89' lang='lat' dir='ltr'>perditum.</span> 
     </span>
     <span class='ocr_line' id='line_1_6' title="bbox 188 446 1254 504; baseline 0.014 -26"><span class='ocrx_word' id='word_1_23' title='bbox 188 446 244 478; x_wconf 82' lang='lat' dir='ltr'>3a.</span> <span class='ocrx_word' id='word_1_24' title='bbox 271 447 321 479; x_wconf 89' lang='lat' dir='ltr'>Tu</span> <span class='ocrx_word' id='word_1_25' title='bbox 347 457 459 481; x_wconf 87' lang='lat' dir='ltr'>carens</span> <span class='ocrx_word' id='word_1_26' title='bbox 486 452 580 491; x_wconf 88' lang='lat' dir='ltr'>carie,</span> <span class='ocrx_word' id='word_1_27' title='bbox 877 457 934 490; x_wconf 74' lang='lat' dir='ltr'>ab.</span> <span class='ocrx_word' id='word_1_28' title='bbox 958 458 1068 490; x_wconf 74' lang='lat' dir='ltr'>Virtus</span> <span class='ocrx_word' id='word_1_29' title='bbox 1095 460 1254 504; x_wconf 82' lang='lat' dir='ltr'><strong>debilium,</strong></span> 
     </span>
     <span class='ocr_line' id='line_1_7' title="bbox 272 494 1368 551; baseline 0.015 -25"><span class='ocrx_word' id='word_1_30' title='bbox 272 494 478 529; x_wconf 81' lang='lat' dir='ltr'>obstaculum</span> <span class='ocrx_word' id='word_1_31' title='bbox 502 498 667 540; x_wconf 86' lang='lat' dir='ltr'>perfidiae,</span> <span class='ocrx_word' id='word_1_32' title='bbox 958 505 1007 537; x_wconf 89' lang='lat' dir='ltr'>Tu</span> <span class='ocrx_word' id='word_1_33' title='bbox 1031 507 1142 539; x_wconf 87' lang='lat' dir='ltr'>salutis</span> <span class='ocrx_word' id='word_1_34' title='bbox 1165 508 1368 551; x_wconf 79' lang='lat' dir='ltr'>principium,</span> 
     </span>
     <span class='ocr_line' id='line_1_8' title="bbox 270 542 1378 600; baseline 0.014 -27"><span class='ocrx_word' id='word_1_35' title='bbox 270 542 320 574; x_wconf 87' lang='lat' dir='ltr'>Tu</span> <span class='ocrx_word' id='word_1_36' title='bbox 344 546 555 578; x_wconf 79' lang='lat' dir='ltr'>restauratrix</span> <span class='ocrx_word' id='word_1_37' title='bbox 576 548 698 589; x_wconf 84' lang='lat' dir='ltr'>veniae,</span> <span class='ocrx_word' id='word_1_38' title='bbox 956 552 1133 586; x_wconf 83' lang='lat' dir='ltr'>Reductrix</span> <span class='ocrx_word' id='word_1_39' title='bbox 1159 556 1378 600; x_wconf 83' lang='lat' dir='ltr'>exsulantium,</span> 
     </span>
     <span class='ocr_line' id='line_1_9' title="bbox 270 589 1223 639; baseline 0.016 -19"><span class='ocrx_word' id='word_1_40' title='bbox 270 589 358 628; x_wconf 76' lang='lat' dir='ltr'>Quae</span> <span class='ocrx_word' id='word_1_41' title='bbox 382 592 498 624; x_wconf 88' lang='lat' dir='ltr'>sternis</span> <span class='ocrx_word' id='word_1_42' title='bbox 522 592 655 636; x_wconf 84' lang='lat' dir='ltr'>hostem,</span> <span class='ocrx_word' id='word_1_43' title='bbox 957 600 1043 639; x_wconf 82' lang='lat' dir='ltr'>Quae</span> <span class='ocrx_word' id='word_1_44' title='bbox 1066 602 1223 634; x_wconf 87' lang='lat' dir='ltr'>neminem</span> 
     </span>
     <span class='ocr_line' id='line_1_10' title="bbox 314 640 1455 687; baseline 0.016 -20"><span class='ocrx_word' id='word_1_45' title='bbox 314 640 528 677; x_wconf 87' lang='lat' dir='ltr'>promotorem</span> <span class='ocrx_word' id='word_1_46' title='bbox 554 641 694 676; x_wconf 88' lang='lat' dir='ltr'>sceleris.</span> <span class='ocrx_word' id='word_1_47' title='bbox 1003 652 1185 687; x_wconf 79' lang='lat' dir='ltr'>sperantem</span> <span class='ocrx_word' id='word_1_48' title='bbox 1208 650 1241 682; x_wconf 91' lang='lat' dir='ltr'>in</span> <span class='ocrx_word' id='word_1_49' title='bbox 1266 653 1298 683; x_wconf 88' lang='lat' dir='ltr'>te</span> <span class='ocrx_word' id='word_1_50' title='bbox 1324 652 1455 687; x_wconf 87' lang='lat' dir='ltr'>deseris.</span> 
     </span>
     <span class='ocr_line' id='line_1_11' title="bbox 184 711 1411 759; baseline 0.015 -17"><span class='ocrx_word' id='word_1_51' title='bbox 184 712 241 743; x_wconf 88' lang='lat' dir='ltr'>4a.</span> <span class='ocrx_word' id='word_1_52' title='bbox 268 711 362 743; x_wconf 87' lang='lat' dir='ltr'>Nunc</span> <span class='ocrx_word' id='word_1_53' title='bbox 388 717 477 746; x_wconf 85' lang='lat' dir='ltr'>vetus</span> <span class='ocrx_word' id='word_1_54' title='bbox 503 723 594 748; x_wconf 86' lang='lat' dir='ltr'>error</span> <span class='ocrx_word' id='word_1_55' title='bbox 615 717 703 749; x_wconf 88' lang='lat' dir='ltr'>siluit</span> <span class='ocrx_word' id='word_1_56' title='bbox 872 720 930 753; x_wconf 86' lang='lat' dir='ltr'>4b.</span> <span class='ocrx_word' id='word_1_57' title='bbox 952 722 1016 754; x_wconf 88' lang='lat' dir='ltr'>Per</span> <span class='ocrx_word' id='word_1_58' title='bbox 1039 727 1072 755; x_wconf 86' lang='lat' dir='ltr'>te</span> <span class='ocrx_word' id='word_1_59' title='bbox 1095 725 1221 757; x_wconf 85' lang='lat' dir='ltr'>medela</span> <span class='ocrx_word' id='word_1_60' title='bbox 1245 727 1411 759; x_wconf 88' lang='lat' dir='ltr'>criminum</span> 
     </span>
     <span class='ocr_line' id='line_1_12' title="bbox 266 758 1393 817; baseline 0.016 -28"><span class='ocrx_word' id='word_1_61' title='bbox 266 758 463 800; x_wconf 85' lang='lat' dir='ltr'>Noctemque</span> <span class='ocrx_word' id='word_1_62' title='bbox 482 762 538 794; x_wconf 89' lang='lat' dir='ltr'>lux</span> <span class='ocrx_word' id='word_1_63' title='bbox 560 766 741 803; x_wconf 87' lang='lat' dir='ltr'>praevaluit</span> <span class='ocrx_word' id='word_1_64' title='bbox 952 768 1057 802; x_wconf 86' lang='lat' dir='ltr'>Detur</span> <span class='ocrx_word' id='word_1_65' title='bbox 1082 774 1114 803; x_wconf 89' lang='lat' dir='ltr'>et</span> <span class='ocrx_word' id='word_1_66' title='bbox 1136 773 1222 804; x_wconf 88' lang='lat' dir='ltr'>salus</span> <span class='ocrx_word' id='word_1_67' title='bbox 1246 775 1393 817; x_wconf 90' lang='lat' dir='ltr'>omnium,</span> 
     </span>
     <span class='ocr_line' id='line_1_13' title="bbox 264 806 1185 851; baseline 0.014 -13"><span class='ocrx_word' id='word_1_68' title='bbox 264 806 303 838; x_wconf 87' lang='lat' dir='ltr'>In</span> <span class='ocrx_word' id='word_1_69' title='bbox 329 807 471 840; x_wconf 85' lang='lat' dir='ltr'>tenebris</span> <span class='ocrx_word' id='word_1_70' title='bbox 953 816 1000 848; x_wconf 91' lang='lat' dir='ltr'>Te</span> <span class='ocrx_word' id='word_1_71' title='bbox 1024 818 1185 851; x_wconf 85' lang='lat' dir='ltr'>collaudat</span> 
     </span>
     <span class='ocr_line' id='line_1_14' title="bbox 313 855 1454 908; baseline 0.015 -23"><span class='ocrx_word' id='word_1_72' title='bbox 313 855 431 887; x_wconf 90' lang='lat' dir='ltr'>erroris</span> <span class='ocrx_word' id='word_1_73' title='bbox 457 859 489 888; x_wconf 87' lang='lat' dir='ltr'>et</span> <span class='ocrx_word' id='word_1_74' title='bbox 512 857 669 893; x_wconf 86' lang='lat' dir='ltr'>miseriae.</span> <span class='ocrx_word' id='word_1_75' title='bbox 1002 865 1146 897; x_wconf 88' lang='lat' dir='ltr'>coelestis</span> <span class='ocrx_word' id='word_1_76' title='bbox 1173 867 1296 899; x_wconf 85' lang='lat' dir='ltr'>culmen</span> <span class='ocrx_word' id='word_1_77' title='bbox 1319 870 1454 908; x_wconf 86' lang='lat' dir='ltr'>patriae.</span> 
     </span>
     <span class='ocr_line' id='line_1_15' title="bbox 180 928 1133 971; baseline 0.013 -11"><span class='ocrx_word' id='word_1_78' title='bbox 180 928 237 962; x_wconf 74' lang='lat'><strong><em>52..</em></strong></span> <span class='ocrx_word' id='word_1_79' title='bbox 263 928 375 962; x_wconf 87' lang='lat' dir='ltr'>Vellus</span> <span class='ocrx_word' id='word_1_80' title='bbox 400 932 468 963; x_wconf 85' lang='lat' dir='ltr'>vita</span> <span class='ocrx_word' id='word_1_81' title='bbox 868 937 926 971; x_wconf 90' lang='lat' dir='ltr'>5b.</span> <span class='ocrx_word' id='word_1_82' title='bbox 949 939 1027 971; x_wconf 86' lang='lat' dir='ltr'>Viro</span> <span class='ocrx_word' id='word_1_83' title='bbox 1052 940 1133 971; x_wconf 90' lang='lat' dir='ltr'>nulli</span> 
     </span>
     <span class='ocr_line' id='line_1_16' title="bbox 311 979 1260 1031; baseline 0.014 -23"><span class='ocrx_word' id='word_1_84' title='bbox 311 979 444 1010; x_wconf 88' lang='lat' dir='ltr'>madens</span> <span class='ocrx_word' id='word_1_85' title='bbox 461 981 612 1023; x_wconf 88' lang='lat' dir='ltr'>gentium,</span> <span class='ocrx_word' id='word_1_86' title='bbox 997 989 1110 1026; x_wconf 86' lang='lat' dir='ltr'>patens</span> <span class='ocrx_word' id='word_1_87' title='bbox 1135 989 1260 1031; x_wconf 82' lang='lat' dir='ltr'>ostium,</span> 
     </span>
     <span class='ocr_line' id='line_1_17' title="bbox 263 1024 1153 1066; baseline 0.012 -11"><span class='ocrx_word' id='word_1_88' title='bbox 263 1024 372 1056; x_wconf 86' lang='lat' dir='ltr'>Tellus</span> <span class='ocrx_word' id='word_1_89' title='bbox 397 1035 471 1057; x_wconf 89' lang='lat' dir='ltr'>rore</span> <span class='ocrx_word' id='word_1_90' title='bbox 948 1032 1034 1065; x_wconf 82' lang='lat' dir='ltr'>Miro</span> <span class='ocrx_word' id='word_1_91' title='bbox 1058 1035 1153 1066; x_wconf 86' lang='lat' dir='ltr'>modo</span> 
     </span>
     <span class='ocr_line' id='line_1_18' title="bbox 312 1075 1260 1122; baseline 0.013 -19"><span class='ocrx_word' id='word_1_92' title='bbox 312 1080 423 1104; x_wconf 85' lang='lat' dir='ltr'>carens</span> <span class='ocrx_word' id='word_1_93' title='bbox 448 1075 550 1108; x_wconf 88' lang='lat' dir='ltr'>arida.</span> <span class='ocrx_word' id='word_1_94' title='bbox 995 1080 1093 1113; x_wconf 86' lang='lat' dir='ltr'>verbo</span> <span class='ocrx_word' id='word_1_95' title='bbox 1118 1083 1260 1122; x_wconf 80' lang='lat' dir='ltr'>gravida.</span> 
     </span>
    </p>

    <p class='ocr_par' dir='ltr' id='par_1_4' title="bbox 178 1136 1419 1273">
     <span class='ocr_line' id='line_1_19' title="bbox 178 1136 1419 1192; baseline 0.012 -24"><span class='ocrx_word' id='word_1_96' title='bbox 178 1137 234 1170; x_wconf 88' lang='lat' dir='ltr'>6a.</span> <span class='ocrx_word' id='word_1_97' title='bbox 260 1136 411 1171; x_wconf 85' lang='lat' dir='ltr'>Efficeris</span> <span class='ocrx_word' id='word_1_98' title='bbox 438 1148 607 1182; x_wconf 86' lang='lat' dir='ltr'>puerpera,</span> <span class='ocrx_word' id='word_1_99' title='bbox 864 1144 922 1177; x_wconf 88' lang='lat' dir='ltr'>6b.</span> <span class='ocrx_word' id='word_1_100' title='bbox 945 1145 993 1178; x_wconf 88' lang='lat' dir='ltr'>Ut</span> <span class='ocrx_word' id='word_1_101' title='bbox 1016 1147 1064 1178; x_wconf 91' lang='lat' dir='ltr'>sol</span> <span class='ocrx_word' id='word_1_102' title='bbox 1090 1147 1130 1179; x_wconf 89' lang='lat' dir='ltr'>de</span> <span class='ocrx_word' id='word_1_103' title='bbox 1155 1149 1242 1181; x_wconf 89' lang='lat' dir='ltr'>coelo</span> <span class='ocrx_word' id='word_1_104' title='bbox 1266 1150 1419 1192; x_wconf 84' lang='lat' dir='ltr'>gignitur,</span> 
     </span>
     <span class='ocr_line' id='line_1_20' title="bbox 259 1184 1329 1240; baseline 0.012 -24"><span class='ocrx_word' id='word_1_105' title='bbox 259 1184 389 1218; x_wconf 86' lang='lat' dir='ltr'>Claudis</span> <span class='ocrx_word' id='word_1_106' title='bbox 413 1187 499 1219; x_wconf 90' lang='lat' dir='ltr'>inter</span> <span class='ocrx_word' id='word_1_107' title='bbox 522 1189 646 1221; x_wconf 87' lang='lat' dir='ltr'>viscera</span> <span class='ocrx_word' id='word_1_108' title='bbox 943 1192 1031 1224; x_wconf 89' lang='lat' dir='ltr'>Deus</span> <span class='ocrx_word' id='word_1_109' title='bbox 1058 1203 1096 1226; x_wconf 82' lang='lat' dir='ltr'>ex</span> <span class='ocrx_word' id='word_1_110' title='bbox 1121 1197 1153 1227; x_wconf 90' lang='lat' dir='ltr'>te</span> <span class='ocrx_word' id='word_1_111' title='bbox 1177 1197 1329 1240; x_wconf 87' lang='lat' dir='ltr'>nascitur,</span> 
     </span>
     <span class='ocr_line' id='line_1_21' title="bbox 256 1231 1106 1273; baseline 0.012 -10"><span class='ocrx_word' id='word_1_112' title='bbox 256 1231 376 1273; x_wconf 88' lang='lat' dir='ltr'>Regem</span> <span class='ocrx_word' id='word_1_113' title='bbox 944 1239 1106 1272; x_wconf 89' lang='lat' dir='ltr'>Summum</span> 
     </span>
    </p>

    <p class='ocr_par' dir='ltr' id='par_1_5' title="bbox 173 1280 1337 1484">
     <span class='ocr_line' id='line_1_22' title="bbox 303 1280 1337 1331; baseline 0.012 -20"><span class='ocrx_word' id='word_1_114' title='bbox 303 1280 495 1313; x_wconf 87' lang='lat' dir='ltr'>salvatorem</span> <span class='ocrx_word' id='word_1_115' title='bbox 520 1283 648 1317; x_wconf 87' lang='lat' dir='ltr'>saeculi.</span> <span class='ocrx_word' id='word_1_116' title='bbox 991 1287 1194 1321; x_wconf 87' lang='lat' dir='ltr'>sublevamen</span> <span class='ocrx_word' id='word_1_117' title='bbox 1216 1292 1337 1331; x_wconf 89' lang='lat' dir='ltr'>populi.</span> 
     </span>
     <span class='ocr_line' id='line_1_23' title="bbox 173 1345 1323 1390; baseline 0.012 -15"><span class='ocrx_word' id='word_1_118' title='bbox 173 1345 227 1377; x_wconf 82' lang='lat' dir='ltr'>7a.</span> <span class='ocrx_word' id='word_1_119' title='bbox 254 1345 301 1376; x_wconf 87' lang='lat' dir='ltr'>Te</span> <span class='ocrx_word' id='word_1_120' title='bbox 326 1346 472 1378; x_wconf 88' lang='lat' dir='ltr'>subdidit</span> <span class='ocrx_word' id='word_1_121' title='bbox 497 1350 530 1380; x_wconf 87' lang='lat' dir='ltr'>et</span> <span class='ocrx_word' id='word_1_122' title='bbox 555 1349 699 1382; x_wconf 86' lang='lat' dir='ltr'>condidit</span> <span class='ocrx_word' id='word_1_123' title='bbox 860 1352 878 1383; x_wconf 85' lang='lat'><strong>7</strong></span> <span class='ocrx_word' id='word_1_124' title='bbox 886 1351 917 1385; x_wconf 92' lang='lat' dir='ltr'>b.</span> <span class='ocrx_word' id='word_1_125' title='bbox 939 1352 984 1384; x_wconf 83' lang='lat' dir='ltr'>Et</span> <span class='ocrx_word' id='word_1_126' title='bbox 1007 1355 1145 1387; x_wconf 90' lang='lat' dir='ltr'>moriens</span> <span class='ocrx_word' id='word_1_127' title='bbox 1171 1356 1323 1390; x_wconf 88' lang='lat' dir='ltr'>obediens</span> 
     </span>
     <span class='ocr_line' id='line_1_24' title="bbox 252 1392 1057 1434; baseline 0.01 -10"><span class='ocrx_word' id='word_1_128' title='bbox 252 1392 419 1434; x_wconf 88' lang='lat' dir='ltr'>Mundum,</span> <span class='ocrx_word' id='word_1_129' title='bbox 941 1400 1057 1433; x_wconf 81' lang='lat' dir='ltr'>Mundi</span> 
     </span>
     <span class='ocr_line' id='line_1_25' title="bbox 301 1441 1292 1484; baseline 0.012 -12"><span class='ocrx_word' id='word_1_130' title='bbox 301 1441 407 1473; x_wconf 84' lang='lat' dir='ltr'>coelos</span> <span class='ocrx_word' id='word_1_131' title='bbox 433 1445 463 1474; x_wconf 88' lang='lat' dir='ltr'>et</span> <span class='ocrx_word' id='word_1_132' title='bbox 489 1451 628 1483; x_wconf 85' lang='lat' dir='ltr'>aequora</span> <span class='ocrx_word' id='word_1_133' title='bbox 987 1449 1116 1481; x_wconf 84' lang='lat' dir='ltr'>sustulit</span> <span class='ocrx_word' id='word_1_134' title='bbox 1140 1448 1292 1484; x_wconf 86' lang='lat' dir='ltr'>facinora.</span> 
     </span>
    </p>

    <p class='ocr_par' dir='ltr' id='par_1_6' title="bbox 169 1506 1291 1652">
     <span class='ocr_line' id='line_1_26' title="bbox 169 1506 1279 1558; baseline 0.012 -21"><span class='ocrx_word' id='word_1_135' title='bbox 169 1506 234 1538; x_wconf 67' lang='lat' dir='ltr'>Sa„</span> <span class='ocrx_word' id='word_1_136' title='bbox 253 1506 300 1538; x_wconf 87' lang='lat' dir='ltr'>Te</span> <span class='ocrx_word' id='word_1_137' title='bbox 324 1516 459 1547; x_wconf 87' lang='lat' dir='ltr'>sponsus</span> <span class='ocrx_word' id='word_1_138' title='bbox 486 1509 640 1542; x_wconf 86' lang='lat' dir='ltr'>ecclesiae</span> <span class='ocrx_word' id='word_1_139' title='bbox 856 1512 915 1546; x_wconf 85' lang='lat' dir='ltr'>Sb.</span> <span class='ocrx_word' id='word_1_140' title='bbox 938 1514 978 1546; x_wconf 88' lang='lat' dir='ltr'>In</span> <span class='ocrx_word' id='word_1_141' title='bbox 1003 1524 1110 1547; x_wconf 86' lang='lat' dir='ltr'>amore</span> <span class='ocrx_word' id='word_1_142' title='bbox 1134 1517 1279 1558; x_wconf 87' lang='lat' dir='ltr'>langueo,</span> 
     </span>
     <span class='ocr_line' id='line_1_27' title="bbox 250 1553 1291 1605; baseline 0.012 -20"><span class='ocrx_word' id='word_1_143' title='bbox 250 1553 352 1586; x_wconf 84' lang='lat' dir='ltr'>Vocat</span> <span class='ocrx_word' id='word_1_144' title='bbox 376 1554 411 1587; x_wconf 89' lang='lat' dir='ltr'>in</span> <span class='ocrx_word' id='word_1_145' title='bbox 434 1555 570 1588; x_wconf 88' lang='lat' dir='ltr'>meridie</span> <span class='ocrx_word' id='word_1_146' title='bbox 937 1561 998 1594; x_wconf 88' lang='lat' dir='ltr'>Tui</span> <span class='ocrx_word' id='word_1_147' title='bbox 1024 1571 1134 1595; x_wconf 86' lang='lat' dir='ltr'>carere</span> <span class='ocrx_word' id='word_1_148' title='bbox 1157 1573 1291 1605; x_wconf 84' lang='lat' dir='ltr'>nequeo,</span> 
     </span>
     <span class='ocr_line' id='line_1_28' title="bbox 251 1600 1162 1652; baseline 0.011 -19"><span class='ocrx_word' id='word_1_149' title='bbox 251 1600 417 1635; x_wconf 82' lang='lat' dir='ltr'>olamans:</span> <span class='ocrx_word' id='word_1_150' title='bbox 442 1603 526 1642; x_wconf 87' lang='lat' dir='ltr'>veni,</span> <span class='ocrx_word' id='word_1_151' title='bbox 936 1608 1052 1650; x_wconf 87' lang='lat' dir='ltr'>Digna,</span> <span class='ocrx_word' id='word_1_152' title='bbox 1078 1611 1162 1652; x_wconf 86' lang='lat' dir='ltr'>veni,</span> 
     </span>
    </p>

    <p class='ocr_par' dir='ltr' id='par_1_7' title="bbox 298 1658 1188 1691">
     <span class='ocr_line' id='line_1_29' title="bbox 298 1658 1188 1691; baseline 0.012 -11"><span class='ocrx_word' id='word_1_153' title='bbox 298 1658 425 1691; x_wconf 87' lang='lat' dir='ltr'>sponsa,</span> <span class='ocrx_word' id='word_1_154' title='bbox 451 1660 599 1691; x_wconf 88' lang='lat' dir='ltr'>propere.</span> <span class='ocrx_word' id='word_1_155' title='bbox 985 1658 1188 1691; x_wconf 87' lang='lat' dir='ltr'>coronabere.</span> 
     </span>
    </p>

    <p class='ocr_par' dir='ltr' id='par_1_8' title="bbox 166 1715 1140 1762">
     <span class='ocr_line' id='line_1_30' title="bbox 166 1715 1140 1762; baseline 0.01 -16"><span class='ocrx_word' id='word_1_156' title='bbox 166 1715 221 1747; x_wconf 68' lang='lat'>922.</span> <span class='ocrx_word' id='word_1_157' title='bbox 249 1715 340 1747; x_wconf 85' lang='lat' dir='ltr'>Tunc</span> <span class='ocrx_word' id='word_1_158' title='bbox 362 1716 480 1748; x_wconf 88' lang='lat' dir='ltr'>vetitus</span> <span class='ocrx_word' id='word_1_159' title='bbox 854 1721 912 1755; x_wconf 86' lang='lat' dir='ltr'>9b.</span> <span class='ocrx_word' id='word_1_160' title='bbox 935 1722 995 1762; x_wconf 81' lang='lat' dir='ltr'>Qui</span> <span class='ocrx_word' id='word_1_161' title='bbox 1019 1723 1140 1756; x_wconf 82' lang='lat' dir='ltr'>labitur</span> 
     </span>
    </p>

    <p class='ocr_par' dir='ltr' id='par_1_9' title="bbox 249 1762 1167 1813">
     <span class='ocr_line' id='line_1_31' title="bbox 249 1762 1167 1813; baseline 0.011 -19"><span class='ocrx_word' id='word_1_162' title='bbox 249 1762 404 1795; x_wconf 87' lang='lat' dir='ltr'>Introitus</span> <span class='ocrx_word' id='word_1_163' title='bbox 934 1769 980 1801; x_wconf 89' lang='lat' dir='ltr'>Et</span> <span class='ocrx_word' id='word_1_164' title='bbox 1003 1772 1167 1813; x_wconf 87' lang='lat' dir='ltr'>sternitur,</span> 
     </span>
    </p>

    <p class='ocr_par' dir='ltr' id='par_1_10' title="bbox 247 1810 1054 1850">
     <span class='ocr_line' id='line_1_32' title="bbox 247 1810 1054 1850; baseline 0.01 -9"><span class='ocrx_word' id='word_1_165' title='bbox 247 1810 312 1842; x_wconf 90' lang='lat' dir='ltr'>Per</span> <span class='ocrx_word' id='word_1_166' title='bbox 335 1813 377 1850; x_wconf 83' lang='lat' dir='ltr'>te,</span> <span class='ocrx_word' id='word_1_167' title='bbox 935 1816 999 1848; x_wconf 85' lang='lat' dir='ltr'>Per</span> <span class='ocrx_word' id='word_1_168' title='bbox 1022 1820 1054 1849; x_wconf 88' lang='lat' dir='ltr'>te</span> 
     </span>
    </p>

    <p class='ocr_par' dir='ltr' id='par_1_11' title="bbox 294 1857 1285 1908">
     <span class='ocr_line' id='line_1_33' title="bbox 294 1857 1285 1908; baseline 0.012 -20"><span class='ocrx_word' id='word_1_169' title='bbox 294 1857 396 1898; x_wconf 85' lang='lat' dir='ltr'>virgo,</span> <span class='ocrx_word' id='word_1_170' title='bbox 423 1858 543 1890; x_wconf 84' lang='lat' dir='ltr'>cunctis</span> <span class='ocrx_word' id='word_1_171' title='bbox 568 1861 723 1899; x_wconf 87' lang='lat' dir='ltr'>panditur</span> <span class='ocrx_word' id='word_1_172' title='bbox 984 1865 1116 1898; x_wconf 82' lang='lat' dir='ltr'>coelitus</span> <span class='ocrx_word' id='word_1_173' title='bbox 1143 1867 1285 1908; x_wconf 69' lang='lat' dir='ltr'>erigitur,</span> 
     </span>
    </p>

    <p class='ocr_par' dir='ltr' id='par_1_12' title="bbox 139 1922 1244 1971">
     <span class='ocr_line' id='line_1_34' title="bbox 139 1922 1244 1971; baseline 0.009 -16"><span class='ocrx_word' id='word_1_174' title='bbox 139 1923 218 1955; x_wconf 81' lang='lat' dir='ltr'>lOa.</span> <span class='ocrx_word' id='word_1_175' title='bbox 246 1922 373 1957; x_wconf 83' lang='lat' dir='ltr'>Nobilis</span> <span class='ocrx_word' id='word_1_176' title='bbox 397 1927 430 1956; x_wconf 79' lang='lat' dir='ltr'>et</span> <span class='ocrx_word' id='word_1_177' title='bbox 453 1924 576 1965; x_wconf 85' lang='lat' dir='ltr'>inclita,</span> <span class='ocrx_word' id='word_1_178' title='bbox 828 1929 871 1962; x_wconf 84' lang='lat'>10</span> <span class='ocrx_word' id='word_1_179' title='bbox 881 1929 912 1963; x_wconf 85' lang='lat' dir='ltr'>b.</span> <span class='ocrx_word' id='word_1_180' title='bbox 935 1929 1112 1971; x_wconf 85' lang='lat' dir='ltr'>Interpella</span> <span class='ocrx_word' id='word_1_181' title='bbox 1134 1931 1244 1971; x_wconf 88' lang='lat' dir='ltr'>filium,</span> 
     </span>
    </p>

    <p class='ocr_par' dir='ltr' id='par_1_13' title="bbox 245 1970 1331 2019">
     <span class='ocr_line' id='line_1_35' title="bbox 245 1970 1331 2019; baseline 0.012 -17"><span class='ocrx_word' id='word_1_182' title='bbox 245 1970 338 2003; x_wconf 89' lang='lat' dir='ltr'>Dono</span> <span class='ocrx_word' id='word_1_183' title='bbox 363 1971 425 2003; x_wconf 88' lang='lat' dir='ltr'>Dei</span> <span class='ocrx_word' id='word_1_184' title='bbox 449 1973 609 2014; x_wconf 88' lang='lat' dir='ltr'>praedita,</span> <span class='ocrx_word' id='word_1_185' title='bbox 933 1977 980 2010; x_wconf 89' lang='lat' dir='ltr'>Ut</span> <span class='ocrx_word' id='word_1_186' title='bbox 1003 1982 1077 2019; x_wconf 84' lang='lat' dir='ltr'>post</span> <span class='ocrx_word' id='word_1_187' title='bbox 1100 1980 1160 2012; x_wconf 89' lang='lat' dir='ltr'>hoc</span> <span class='ocrx_word' id='word_1_188' title='bbox 1185 1982 1331 2015; x_wconf 85' lang='lat' dir='ltr'>exsilium</span> 
     </span>
    </p>

    <p class='ocr_par' dir='ltr' id='par_1_14' title="bbox 245 2017 1247 2068">
     <span class='ocr_line' id='line_1_36' title="bbox 245 2017 1247 2068; baseline 0.012 -19"><span class='ocrx_word' id='word_1_189' title='bbox 245 2017 388 2051; x_wconf 84' lang='lat' dir='ltr'>Caritate</span> <span class='ocrx_word' id='word_1_190' title='bbox 411 2019 542 2053; x_wconf 90' lang='lat' dir='ltr'>subdita</span> <span class='ocrx_word' id='word_1_191' title='bbox 935 2024 1022 2058; x_wconf 89' lang='lat' dir='ltr'>Coeli</span> <span class='ocrx_word' id='word_1_192' title='bbox 1046 2026 1247 2068; x_wconf 87' lang='lat' dir='ltr'>refrigerium</span> 
     </span>
    </p>

    <p class='ocr_par' dir='ltr' id='par_1_15' title="bbox 245 2065 1317 2116">
     <span class='ocr_line' id='line_1_37' title="bbox 245 2065 1317 2116; baseline 0.012 -19"><span class='ocrx_word' id='word_1_193' title='bbox 245 2065 323 2098; x_wconf 90' lang='lat' dir='ltr'>Cum</span> <span class='ocrx_word' id='word_1_194' title='bbox 348 2067 451 2099; x_wconf 88' lang='lat' dir='ltr'>salute</span> <span class='ocrx_word' id='word_1_195' title='bbox 475 2069 583 2109; x_wconf 88' lang='lat' dir='ltr'>genita</span> <span class='ocrx_word' id='word_1_196' title='bbox 932 2072 996 2105; x_wconf 89' lang='lat' dir='ltr'>Det</span> <span class='ocrx_word' id='word_1_197' title='bbox 1019 2075 1121 2116; x_wconf 92' lang='lat' dir='ltr'>nobis,</span> <span class='ocrx_word' id='word_1_198' title='bbox 1149 2078 1181 2107; x_wconf 85' lang='lat' dir='ltr'>et</span> <span class='ocrx_word' id='word_1_199' title='bbox 1204 2077 1317 2110; x_wconf 87' lang='lat' dir='ltr'>vitium</span> 
     </span>
    </p>

    <p class='ocr_par' dir='ltr' id='par_1_16' title="bbox 241 2114 1342 2168">
     <span class='ocr_line' id='line_1_38' title="bbox 241 2114 1342 2168; baseline 0.012 -23"><span class='ocrx_word' id='word_1_200' title='bbox 241 2114 431 2156; x_wconf 85' lang='lat' dir='ltr'>Propaginis</span> <span class='ocrx_word' id='word_1_201' title='bbox 455 2116 621 2160; x_wconf 86' lang='lat' dir='ltr'>humanae,</span> <span class='ocrx_word' id='word_1_202' title='bbox 931 2121 1068 2154; x_wconf 80' lang='lat' dir='ltr'>Relaxet</span> <span class='ocrx_word' id='word_1_203' title='bbox 1090 2124 1206 2156; x_wconf 85' lang='lat' dir='ltr'>mentis</span> <span class='ocrx_word' id='word_1_204' title='bbox 1230 2135 1342 2168; x_wconf 87' lang='lat' dir='ltr'>vanae,</span> 
     </span>
    </p>
   </div>
   <div class='ocr_carea' id='block_1_3' title="bbox 593 2185 977 2275">
    <p class='ocr_par' dir='ltr' id='par_1_17' title="bbox 593 2185 977 2275">
     <span class='ocr_line' id='line_1_39' title="bbox 593 2185 977 2220; baseline 0.005 -2"><span class='ocrx_word' id='word_1_205' title='bbox 593 2185 648 2218; x_wconf 86' lang='lat'>11.</span> <span class='ocrx_word' id='word_1_206' title='bbox 673 2185 719 2217; x_wconf 87' lang='lat' dir='ltr'>Et</span> <span class='ocrx_word' id='word_1_207' title='bbox 744 2193 799 2218; x_wconf 83' lang='lat' dir='ltr'>cor</span> <span class='ocrx_word' id='word_1_208' title='bbox 823 2186 977 2220; x_wconf 88' lang='lat' dir='ltr'>virtutum</span> 
     </span>
     <span class='ocr_line' id='line_1_40' title="bbox 687 2234 974 2275; baseline 0.021 -11"><span class='ocrx_word' id='word_1_209' title='bbox 687 2260 690 2263; x_wconf 96' lang='lat'>.</span> <span class='ocrx_word' id='word_1_210' title='bbox 722 2234 848 2275; x_wconf 88' lang='lat' dir='ltr'>repleat</span> <span class='ocrx_word' id='word_1_211' title='bbox 869 2235 974 2271; x_wconf 87' lang='lat' dir='ltr'>inane.</span> 
     </span>
    </p>
   </div>
   <div class='ocr_carea' id='block_1_4' title="bbox 127 2314 1456 2399">
    <p class='ocr_par' dir='ltr' id='par_1_18' title="bbox 127 2314 1456 2399">
     <span class='ocr_line' id='line_1_41' title="bbox 208 2314 1456 2357; baseline 0.01 -14"><span class='ocrx_word' id='word_1_212' title='bbox 208 2314 280 2343; x_wconf 72' lang='lat' dir='ltr'>Cim.</span> <span class='ocrx_word' id='word_1_213' title='bbox 307 2317 477 2346; x_wconf 84' lang='lat' dir='ltr'>Monacens.</span> <span class='ocrx_word' id='word_1_214' title='bbox 502 2315 552 2353; x_wconf 90' lang='lat'>(01.</span> <span class='ocrx_word' id='word_1_215' title='bbox 579 2317 730 2355; x_wconf 80' lang='lat' dir='ltr'>Tegurin.)</span> <span class='ocrx_word' id='word_1_216' title='bbox 757 2317 794 2348; x_wconf 91' lang='lat'>18</span> <span class='ocrx_word' id='word_1_217' title='bbox 805 2318 861 2349; x_wconf 81' lang='lat'>628</span> <span class='ocrx_word' id='word_1_218' title='bbox 886 2329 961 2349; x_wconf 83' lang='lat' dir='ltr'>saec.</span> <span class='ocrx_word' id='word_1_219' title='bbox 989 2320 1034 2350; x_wconf 92' lang='lat'>10.</span> <span class='ocrx_word' id='word_1_220' title='bbox 1063 2323 1128 2351; x_wconf 88' lang='lat' dir='ltr'>add.</span> <span class='ocrx_word' id='word_1_221' title='bbox 1160 2332 1237 2354; x_wconf 74' lang='lat' dir='ltr'>saec.</span> <span class='ocrx_word' id='word_1_222' title='bbox 1259 2323 1303 2354; x_wconf 84' lang='lat'>13.</span> <span class='ocrx_word' id='word_1_223' title='bbox 1333 2342 1369 2347; x_wconf 91' lang='lat'>—-</span> <span class='ocrx_word' id='word_1_224' title='bbox 1393 2327 1456 2357; x_wconf 68' lang='lat' dir='ltr'>Mit</span> 
     </span>
     <span class='ocr_line' id='line_1_42' title="bbox 127 2352 1421 2399; baseline 0.01 -18"><span class='ocrx_word' id='word_1_225' title='bbox 127 2352 272 2382; x_wconf 78' lang='lat' dir='ltr'>Neumen.</span> <span class='ocrx_word' id='word_1_226' title='bbox 291 2369 330 2374; x_wconf 88' lang='grc'>-</span> <span class='ocrx_word' id='word_1_227' title='bbox 353 2353 403 2393; x_wconf 87' lang='lat' dir='ltr'>9a,</span> <span class='ocrx_word' id='word_1_228' title='bbox 424 2354 442 2384; x_wconf 86' lang='lat'><strong>3</strong></span> <span class='ocrx_word' id='word_1_229' title='bbox 462 2365 491 2384; x_wconf 90' lang='lat' dir='ltr'>u.</span> <span class='ocrx_word' id='word_1_230' title='bbox 512 2354 532 2384; x_wconf 86' lang='lat'>4</span> <span class='ocrx_word' id='word_1_231' title='bbox 550 2356 610 2384; x_wconf 89' lang='lat' dir='ltr'>und</span> <span class='ocrx_word' id='word_1_232' title='bbox 630 2355 681 2392; x_wconf 88' lang='lat' dir='ltr'>9b,</span> <span class='ocrx_word' id='word_1_233' title='bbox 702 2355 721 2386; x_wconf 88' lang='lat'><strong>3</strong></span> <span class='ocrx_word' id='word_1_234' title='bbox 741 2367 770 2386; x_wconf 91' lang='lat' dir='ltr'>u.</span> <span class='ocrx_word' id='word_1_235' title='bbox 789 2357 810 2387; x_wconf 85' lang='lat'>4</span> <span class='ocrx_word' id='word_1_236' title='bbox 828 2360 963 2388; x_wconf 85' lang='lat' dir='ltr'>verstellt</span> <span class='ocrx_word' id='word_1_237' title='bbox 981 2361 1036 2389; x_wconf 86' lang='lat' dir='ltr'>Hs.</span> <span class='ocrx_word' id='word_1_238' title='bbox 1057 2377 1094 2381; x_wconf 88' lang='lat'>——</span> <span class='ocrx_word' id='word_1_239' title='bbox 1116 2360 1186 2399; x_wconf 87' lang='lat' dir='ltr'>lob,</span> <span class='ocrx_word' id='word_1_240' title='bbox 1207 2362 1225 2392; x_wconf 90' lang='lat'>5</span> <span class='ocrx_word' id='word_1_241' title='bbox 1245 2364 1346 2393; x_wconf 83' lang='lat' dir='ltr'>relaxa</span> <span class='ocrx_word' id='word_1_242' title='bbox 1365 2366 1421 2394; x_wconf 85' lang='lat' dir='ltr'>Hs.</span> 
     </span>
    </p>
   </div>
   <div class='ocr_carea' id='block_1_5' title="bbox 184 2404 1278 2440">
    <p class='ocr_par' dir='ltr' id='par_1_19' title="bbox 184 2404 1278 2440">
     <span class='ocr_line' id='line_1_43' title="bbox 184 2404 1278 2440; baseline 0.008 -13"><span class='ocrx_word' id='word_1_243' title='bbox 184 2404 223 2428; x_wconf 89' lang='lat' dir='ltr'>Dr</span> <span class='ocrx_word' id='word_1_244' title='bbox 230 2412 262 2428; x_wconf 85' lang='lat' dir='ltr'>ev</span> <span class='ocrx_word' id='word_1_245' title='bbox 269 2412 311 2433; x_wconf 74' lang='lat' dir='ltr'>es,</span> <span class='ocrx_word' id='word_1_246' title='bbox 327 2406 471 2435; x_wconf 77' lang='lat' dir='ltr'>Sequentiae</span> <span class='ocrx_word' id='word_1_247' title='bbox 483 2407 601 2431; x_wconf 62' lang='lat' dir='ltr'>Ineditae.</span> <span class='ocrx_word' id='word_1_248' title='bbox 630 2408 662 2431; x_wconf 84' lang='grc' dir='ltr'>Π.</span> <span class='ocrx_word' id='word_1_249' title='bbox 1260 2410 1278 2440; x_wconf 88' lang='grc'>5</span> 
     </span>
    </p>
   </div>
  </div>
 </body>
</html>
