1653 2632
676 109 934 144 -104—

154 205 210 237 Sa.
236 203 381 234 Tandem
407 204 520 243 cuique
540 204 620 237 visio
836 204 895 238 3b.
920 204 1137 236 Crediderunt
1159 204 1269 236 nuntio

235 250 436 283 Monstratur
461 251 501 283 ab
526 252 638 292 angelo
918 251 988 282 Nec
1013 251 1127 282 horum
1153 252 1278 284 devotio

282 298 358 330 Pari
383 296 504 339 forma3
960 298 1018 330 Fit
1042 301 1202 337 corrupta.

153 355 208 387 4a.
235 355 314 387 Post
334 354 414 387 haec
437 355 532 387 Anna
557 355 701 395 concepit
837 353 895 386 4b.
916 354 967 386 De
992 363 1054 394 qua
1080 353 1226 386 Christus
1250 354 1402 388 nascitur.

234 402 279 434 Et
302 401 441 434 Mariam
465 403 593 442 peperit
917 401 998 441 Ejus
1023 401 1109 433 laete
1132 401 1275 441 pascitur

282 449 376 481 Valle
399 452 518 488 nostra,
966 447 1070 480 Carne
1096 451 1233 488 sumpta.

153 507 210 539 5a.
234 506 302 538 Iste
327 505 389 537 Dei
411 504 496 537 filius
836 504 892 538 5b.
916 504 1012 537 Unde
1036 504 1241 548 crucifigitur,

231 551 352 584 Missus
378 554 448 583 erat
475 552 616 591 coelitus,
916 552 1047 584 Lancea
1071 551 1265 593 perfoditur,

280 598 345 630 Sed
369 599 453 630 hunc
476 599 568 638 plebs
593 599 730 632 Judaica
963 599 1058 632 Fecit
1081 600 1162 631 haec
1188 599 1306 631 delicta

326 645 465 677 Damnat
492 654 595 679 caeca.
1010 647 1108 679 Plebs
1131 647 1310 687 praedicta.

151 704 206 736 6a.
232 704 320 742 Jesu,
344 711 401 734 nos
425 703 552 745 adjuva,
835 702 893 737 6b.
916 704 970 736 Ad
1000 704 1081 736 coeli
1106 704 1232 744 gaudia,

235 749 311 782 Cum
337 752 440 781 matre
463 750 571 782 Maria
914 751 979 784 Ubi
1005 760 1074 783 cum
1101 752 1173 784 avia

281 796 435 828 Transfer
461 798 501 829 de
525 797 610 829 valle
963 799 1090 839 Regnas
1117 803 1148 830 et
1172 801 1275 831 matre

327 844 388 876 hac
411 845 529 876 misera
1009 855 1179 886 puerpera.

224 919 307 947 Miss.
328 928 380 946 ms.
403 918 618 948 Sloterdicense
638 921 709 948 anm'
730 918 813 948 1480.
835 920 905 948 Cod.
925 920 1080 948 Hafniens.
1094 920 1192 948 Thott.
1208 921 1271 949 Fol.
1294 919 1358 949 145.
1372 922 1407 949 A.
1425 938 1437 941 —

148 957 231 984 Miss.
254 967 307 985 ms.
332 957 530 985 Hei-fordense
550 967 624 986 saec.
648 957 691 986 15.
715 958 784 986 God.
805 958 986 987 Berolinens.
1007 959 1070 986 Fol.
1091 957 1157 987 443.
1179 959 1212 986 Β.
1239 974 1276 978 —-
1305 959 1385 987 Orat.
1409 968 1461 987 ms.

149 1003 179 1022 ss·
204 1003 225 1022 e.
250 994 294 1023 15.
315 996 370 1023 Hc.
398 996 449 1023 der
471 996 500 1022 k.
523 1005 552 1023 u.
572 997 602 1023 k.
622 996 1219 1024 Familien-Fidei-Kommiss-Bibliothek.
1242 997 1273 1025 Ο.
1299 1012 1338 1017 —
1370 996 1422 1033 lb,
1445 996 1462 1024 2

156 1032 201 1059 *ed
227 1033 296 1061 diva
319 1036 404 1070 gent-a
422 1034 463 1064 A:
492 1034 550 1061 Dei
576 1036 660 1070 gesta
681 1034 712 1062 0.
741 1049 777 1053 —
805 1032 858 1067 2a,
882 1032 900 1062 3
922 1034 974 1062 Sol
998 1035 1034 1062 de
1054 1035 1140 1062 stella
1161 1035 1195 1062 A.
1223 1049 1260 1054 -—
1286 1033 1336 1071 6a,
1357 1033 1376 1062 2
1397 1044 1459 1072 sqq.

148 1071 287 1099 Transfer
306 1074 375 1107 post
392 1071 496 1099 funera
510 1073 553 1099 De
575 1072 655 1100 valle
674 1072 731 1099 hac
750 1073 867 1100 misera.
883 1072 913 1100 G.
937 1087 970 1091 —
990 1072 1060 1099 Mel.
1081 1073 1230 1100 natiirlich
1243 1074 1462 1101 Laetabundm.

611 1182 665 1214 131.
705 1182 749 1214 De
770 1183 880 1214 sancta
898 1184 996 1214 Anna.

151 1254 205 1286 la.
234 1251 357 1295 Gaude,
384 1253 506 1284 cunctis
531 1254 724 1294 veneranda,
841 1253 899 1287 lb.
921 1256 1018 1286 Anna
1042 1258 1131 1287 recte
1155 1257 1338 1294 nuncupata

229 1300 334 1339 Anna,
360 1302 463 1331 mater
488 1303 520 1332 et
544 1301 702 1333 cantanda
924 1301 1083 1342 Gratiosa,
1113 1302 1195 1334 dono
1223 1302 1298 1333 data

282 1347 438 1387 Superum
464 1347 680 1384 concentibus,
966 1350 996 1381 A
1021 1349 1090 1381 Deo
1116 1349 1313 1382 mortalibus.

152 1405 207 1437 2a.
234 1404 286 1436 Ab
312 1407 441 1436 aeterno
464 1405 647 1444 praeelecta
838 1405 897 1438 2b.
920 1406 972 1439 Ex
997 1408 1030 1437 te
1053 1408 1130 1438 nata
1154 1406 1248 1438 stella
1271 1407 1378 1445 maris,

233 1451 277 1484 Et
302 1460 322 1483 a
345 1460 454 1491 regum
480 1452 582 1492 stirpe
606 1456 694 1485 secta
919 1454 1017 1493 Virgo
1040 1456 1144 1485 mater
1170 1462 1285 1493 expers
1307 1454 1406 1494 paris,

280 1498 382 1531 Manu
406 1499 591 1540 sapientiae,
965 1501 1089 1541 Regina
1115 1501 1312 1533 clementiae.

152 1559 207 1591 332.
234 1556 284 1588 Tu
308 1556 481 1588 immensae
508 1566 565 1588 vas
591 1557 728 1597 virtutis,
837 1558 898 1591 3b.
921 1558 1007 1597 Quae
1033 1567 1103 1589 cum
1125 1558 1195 1590 Deo
1222 1558 1411 1591 contraxisti

236 1603 363 1636 Certam
388 1606 517 1635 nostrae
542 1613 631 1644 spem
656 1605 769 1637 salutis
920 1605 1027 1638 Genus
1054 1606 1159 1638 carnis
1186 1608 1217 1637 et
1242 1606 1346 1638 tulisti

280 1651 327 1683 Es
353 1651 458 1683 ordita
482 1651 641 1693 primitus,
966 1652 1070 1685 Tanta
1097 1654 1180 1686 dona
1205 1654 1348 1687 coelitus,

152 1709 208 1741 4a.
236 1708 260 1741 O
288 1717 381 1748 quam
407 1706 495 1750 felix,
523 1718 616 1749 quam
641 1709 745 1748 beata,
836 1709 896 1743 4b.
920 1710 1035 1750 Stupet
1059 1711 1161 1742 omnis
1188 1713 1344 1749 creatura,

233 1755 307 1789 Tali
331 1756 423 1795 prole
446 1754 647 1796 foecundata,
917 1757 1065 1790 Laudum
1090 1758 1151 1790 tibi
1173 1758 1270 1790 litans
1296 1758 1390 1790 thura

258 1803 400 1846 ¹Parens
425 1804 537 1835 matris
562 1805 695 1845 gratiae,
967 1805 1082 1838 Coram
1106 1805 1170 1837 Dei
1191 1804 1283 1838 facie.

152 1862 207 1893 5a.
233 1860 293 1892 His
320 1861 475 1893 accedunt
499 1861 594 1893 binae
618 1864 714 1893 natae
837 1863 895 1896 5b.
916 1863 969 1895 En
992 1863 1026 1894 in
1053 1863 1156 1895 culmo
1181 1866 1303 1903 septem
1328 1863 1435 1903 spicae

232 1908 277 1940 Et
300 1917 357 1941 sex
381 1909 488 1948 proles
512 1909 695 1952 perbeatae,
916 1911 1024 1950 Atque
1048 1911 1124 1942 vitis
1150 1919 1190 1943 ex
1214 1911 1325 1943 radice

280 1956 361 1988 Viae
386 1956 506 1988 Christi
531 1957 678 1998 comites3
965 1957 1139 1998 Surgentes
1161 1961 1227 1990 tres
1252 1958 1412 1998 palmites,

152 2014 207 2045 6a.
234 2013 319 2045 Vere
345 2013 447 2044 celsus
471 2015 544 2045 tuus
570 2016 671 2045 status
834 2014 892 2046 6b.
915 2014 998 2053 Quid
1022 2024 1086 2046 non
1111 2024 1222 2055 posses
1249 2024 1392 2055 exorare,

232 2059 277 2092 Et,
300 2059 471 2091 immensus
496 2063 679 2100 potent-atus
917 2061 1020 2093 Tuum
1044 2065 1153 2094 natum
1180 2063 1209 2094 si
1233 2072 1348 2103 rogare

281 2107 320 2139 In
346 2107 476 2139 coelesti
501 2108 598 2148 curia,
966 2109 1071 2141 Tanta
1095 2110 1176 2142 velis
1201 2110 1313 2151 gloria.

153 2164 206 2195 va.
231 2163 318 2203 Ergo
342 2167 445 2195 mater
468 2164 564 2196 Anna
587 2164 643 2204 pia
836 2165 894 2198 7b.
919 2167 986 2204 Quo
1011 2166 1059 2197 sic
1087 2175 1156 2198 eum
1181 2176 1379 2208 veneremur,

234 2210 316 2242 Tota
340 2211 441 2251 stirpe
465 2220 536 2242 cum
560 2211 668 2243 Maria
916 2212 963 2245 Ut
986 2213 1019 2244 in
1046 2214 1144 2246 coelis
1170 2215 1376 2247 collaetemur

280 2257 389 2289 Jesum
414 2267 471 2290 ora
494 2257 603 2299 filium,
966 2260 1045 2292 Post
1068 2270 1221 2300 praesens
1248 2262 1405 2296 exsilium.

228 2331 314 2359 Grad.
335 2341 388 2359 ms.
405 2333 648 2361 Gaesdoneanum
666 2341 688 2360 s.
711 2334 786 2368 sign.
801 2341 877 2361 saec.
895 2331 969 2361 15l16.
982 2335 1017 2362 A.
1033 2350 1072 2354 —
1090 2336 1212 2371 Antiph.
1229 2344 1283 2363 ms.
1297 2337 1465 2366 Lubicense

152 2379 175 2398 s.
196 2371 271 2407 sign.
293 2378 368 2397 saec.
390 2368 456 2398 152‘16
475 2371 509 2398 B.
530 2386 567 2389 —
585 2371 669 2398 Mel.:
691 2370 792 2398 Gaude
813 2371 886 2399 Sion
909 2373 987 2407 quod
1008 2381 1150 2409 egressus.
