1653 2633
242 455 297 486 2a.

239 606 294 639 3a.

236 755 293 789 4a.

234 908 289 941 5a.

231 1153 287 1185 6a.

230 1304 285 1338 7a.

226 1550 281 1582 8a.

224 1701 280 1733 9a.

780 139 1010 173 -14-

710 238 735 269 6.
775 238 812 269 In
830 239 1003 272 Nativitate
1022 241 1080 272 DN.

697 308 727 340 1.
752 308 858 340 Adest
880 318 965 340 nune
988 310 1126 350 gloriosa

755 355 937 387 solemnitas

752 404 847 441 atque
869 404 1046 444 praeclara,

324 455 391 494 Qua
414 459 507 495 pater
530 456 562 487 in
590 457 685 488 coelis

322 511 436 541 supera
462 511 573 543 regens

320 549 445 589 agmina

319 605 421 644 Misit,
447 608 483 637 ut
506 610 645 638 sumeret

319 652 467 684 servilem

318 702 413 739 atque
436 701 602 732 mortalem
626 700 771 743 formam,

318 755 472 796 Angelieo
497 757 607 789 nuntio

318 804 526 843 gravidantur

315 850 439 882 Mariae
463 851 596 893 viscera,

314 907 368 939 Ad
393 907 472 940 haee
493 909 621 940 nuntius

315 954 401 987 illico
426 956 562 994 protulit
585 956 681 989 talia:

316 1000 437 1042 Gaude,
463 1002 578 1043 Maria,
604 1005 707 1036 saneti

315 1049 444 1088 spiritus
469 1050 642 1083 altithrona

312 1105 386 1127 mox
411 1099 615 1137 superveniet
638 1099 741 1139 gratia

313 1152 500 1192 Magnifieat
522 1155 702 1196 Dominum,

311 1203 479 1240 postquam
505 1200 611 1234 fuerat
633 1203 682 1235 his

311 1247 418 1279 verbis
444 1250 548 1290 angeli
572 1251 701 1284 monita.

312 1303 361 1335 Sit
384 1304 453 1336 Deo
478 1305 547 1337 laus
572 1309 603 1338 et
625 1308 727 1348 gloria

310 1352 343 1382 in
370 1353 512 1393 excelsis,

310 1398 353 1430 sit
376 1399 461 1431 salus
485 1403 515 1431 et
538 1410 603 1441 pax
626 1402 660 1433 in
685 1404 790 1444 terris,

310 1446 447 1484 gaudeat
471 1448 602 1489 eoelum,

310 1496 424 1526 cuncta
447 1496 601 1528 resultent
627 1498 761 1538 agmina.

308 1549 396 1582 Deus
419 1550 512 1583 homo
538 1550 640 1584 factus

308 1596 403 1629 hodie
426 1601 519 1630 natus
545 1603 593 1631 est
618 1609 656 1632 ex

306 1644 430 1685 virgine
453 1649 562 1678 saneta
585 1647 700 1683 Maria.

308 1701 358 1734 Sit
380 1701 449 1734 Deo

305 1748 374 1780 laus
399 1752 493 1790 atque
517 1754 669 1793 potestaS,

921 460 978 494 ab.

920 610 979 644 3b.

916 761 976 794 4b.

916 912 973 945 51).

913 1158 971 1192 6b.

912 1310 969 1345 7b.

908 1556 966 1590 8b.

907 1708 965 1742 9b.

1002 461 1120 493 Filium
1143 462 1178 494 in
1200 465 1302 495 terras

1002 512 1137 548 propter
1161 511 1295 542 salutem

1002 555 1171 588 humanam

1002 611 1048 644 Ut
1071 612 1129 644 sub
1155 614 1226 654 lege
1250 624 1381 647 manens

1002 659 1136 691 donaret

1000 707 1118 739 mundo
1144 709 1303 740 coelorum
1328 709 1453 749 gaudia.

998 763 1123 795 Pavens
1146 772 1184 796 ae
1208 766 1382 804 perterrita

997 819 1157 850 nunquam
1180 820 1275 843 nosse

997 865 1032 888 se
1057 858 1160 889 virum
1187 859 1322 894 dixerat.

998 912 1043 944 Et
1065 913 1187 946 virtute
1210 914 1273 946 Dei

997 960 1173 1000 repleberis
1202 962 1368 997 altissima.

996 1007 1045 1039 Tu
1067 1009 1136 1040 sola
1159 1010 1311 1049 placuisti

995 1055 1110 1087 mulier
1132 1057 1299 1099 altissimo,

995 1103 1094 1142 stirps
1120 1106 1152 1135 et
1176 1105 1263 1145 origo
1288 1105 1456 1140 Davidiea.

994 1159 1128 1192 Navitas
1154 1161 1273 1194 Christi

992 1207 1175 1246 pastoribus
1200 1217 1279 1241 voce

993 1255 1158 1287 nuntiatur
1181 1257 1335 1297 angelica.

994 1310 1148 1344 Coelestis
1172 1313 1242 1345 axis
1266 1314 1437 1347 Dominum

990 1359 1161 1391 multitudo

991 1405 1149 1446 glorificat
1173 1410 1206 1439 et
1231 1409 1402 1442 conlaudat

990 1463 1107 1494 supera
1133 1455 1258 1488 demum

991 1505 1169 1534 remeantes
1193 1504 1237 1536 ad
1261 1505 1378 1537 sidera.

989 1557 1084 1589 Hune
1107 1559 1219 1591 laudet
1242 1564 1355 1594 cuneta
1379 1571 1439 1602 per

990 1605 1099 1637 orbem
1123 1607 1227 1648 plebs,
1255 1609 1305 1640 eui
1327 1611 1419 1642 tanta

989 1651 1185 1686 famulantur
1208 1655 1369 1696 obsequia.

989 1709 1067 1741 Cum
1091 1713 1185 1750 patre

988 1757 1041 1797 qui
1068 1762 1181 1791 cuncta
1205 1759 1362 1799 gubernat

622 1809 676 1843 10.
702 1810 746 1842 Et
771 1820 840 1843 eum
864 1813 980 1853 spiritu
1004 1818 1113 1847 saneto

700 1858 734 1890 in
759 1862 890 1892 aeterna
913 1862 1049 1896 saecula.

295 1919 382 1953 Trop.
403 1928 456 1947 ms.
476 1920 629 1950 Aeduense
648 1931 723 1951 saec.
751 1922 795 1951 11.
817 1925 887 1953 Cod.
907 1926 1067 1955 Parisiens.
1086 1926 1209 1963 (Arsen.)
1231 1927 1312 1957 1169.
1332 1930 1367 1958 A.
1390 1946 1424 1951 —-
1445 1933 1529 1962 Miss.

219 1964 273 1984 ms.
295 1955 323 1983 S.
346 1957 488 1992 Stephani
506 1959 679 1988 Divionens.
700 1970 775 1989 saec.
798 1960 841 1991 15.
865 1964 934 1991 Cod.
954 1965 1112 1993 Parisiens.
1133 1964 1198 1993 879.
1218 1967 1252 1994 B.
1273 1982 1310 1986 —
1330 1966 1380 2004 2a,
1402 1968 1420 1996 2
1440 1979 1530 2008 supra

219 1993 252 2020 B.
280 2008 316 2012 —
342 1993 392 2029 5a,
413 1993 432 2022 4
458 1997 578 2031 spiritus
606 1998 749 2027 altissimo
776 2001 810 2027 A.
837 2017 875 2022 —
901 2001 954 2037 5b‚
976 2001 994 2028 2
1018 2003 1161 2031 altissimo
1188 2004 1223 2031 A.
1244 2021 1281 2025 —
1302 2004 1359 2033 Str.
1385 2007 1429 2035 71³
1451 2010 1530 2038 steht

218 2031 367 2068 unriehtig
390 2041 444 2060 vor
470 2033 522 2061 7a.
548 2035 583 2063 A.
603 2050 643 2055 —
661 2036 713 2070 7b,
738 2036 751 2064 1
775 2046 810 2065 ae
828 2041 873 2066 sic
890 2039 925 2066 A.
946 2055 984 2059 —
1002 2040 1055 2075 7b,
1077 2038 1095 2068 3
1115 2041 1283 2077 glorificant
1301 2046 1331 2071 et
1350 2046 1530 2075 conlaudant

218 2068 253 2095 A.
275 2084 311 2087 —
338 2070 389 2105 710,
411 2071 430 2098 4
458 2075 599 2107 superant
622 2075 657 2101 A.
684 2090 723 2094 —
742 2075 796 2111 712,
817 2075 834 2104 5
855 2080 1031 2105 remeantem
1050 2078 1084 2106 B.
1104 2095 1143 2099 --
1162 2077 1214 2115 Sa,
1237 2079 1252 2107 1
1273 2080 1360 2109 homo
1383 2084 1527 2119 perfectus

217 2105 252 2133 A.
272 2122 311 2126 —
332 2107 388 2135 Str.
410 2107 453 2136 8b
474 2109 547 2138 fehlt
564 2111 598 2138 B.
619 2127 658 2131 —
676 2111 727 2145 9a,
748 2111 766 2140 2
786 2116 916 2150 potestas
937 2117 1054 2153 egregia
1072 2116 1133 2144 AB.

218 2298 273 2330 la.

648 2223 674 2252 7.
710 2222 745 2254 In
764 2223 938 2256 Nativitate
958 2226 1087 2258 Domini.

300 2297 450 2340 Verbum,
478 2301 681 2334 aeternaliter

297 2345 502 2386 unigenitum,

298 2392 453 2425 infinibile
476 2394 678 2436 principium,

898 2304 955 2337 lb.

978 2306 1084 2338 Patris
1109 2308 1226 2350 lingua,
1259 2309 1407 2353 calamus,

978 2354 1145 2395 sapientia,

979 2401 1092 2442 virtus,
1118 2404 1200 2436 ratio
1226 2407 1391 2445 perpetua,
