1653 2632
704 142 747 146 -
800 119 867 154 146
915 138 962 143 -ὴ

183 228 240 260 3a.
266 225 291 257 Ο
311 224 416 262 beata,
443 230 461 253 o
484 220 631 259 benigna,
864 214 925 247 3b.
947 213 1014 245 Nos
1040 213 1202 242 consortes
1226 212 1301 240 tuae
1325 207 1422 240 sortis

266 271 373 303 Mater
398 268 483 301 omni
506 265 602 298 laude
629 264 733 304 digna,
946 260 1014 291 Fac
1038 267 1058 289 a
1077 256 1188 297 poenis
1211 258 1244 287 et
1267 264 1287 288 a
1311 254 1415 294 portis

269 318 368 351 Serva
392 318 463 349 tuos
490 317 521 346 et
546 312 697 352 consigna
947 306 1158 338 Transeamus
1182 303 1262 334 hora
1286 302 1397 334 mortis

319 365 506 398 Sanctorum
529 360 663 392 laetitia.
989 352 1044 384 Ad
1069 354 1201 383 aeterna
1223 349 1347 389 gaudia.

260 452 344 478 Miss.
364 458 417 476 ms.
434 448 581 476 Graeense
600 441 666 471 767.
687 449 762 469 sace.
783 438 828 469 14.
843 454 882 458 —
895 437 963 466 Mel.
980 434 1152 472 jedenfalls:
1172 434 1303 461 Verbum
1323 432 1441 460 bonum.
1455 445 1493 449 —

179 490 231 523 42¹,
251 488 269 516 2
291 489 356 522 Qua
374 489 465 523 potes.

606 601 667 633 192.
687 600 731 632 De
750 597 860 630 sancta
879 594 1056 628 Elisabeth.

189 691 242 723 la.
270 686 366 721 Plebs
393 685 507 717 devota
530 681 670 722 psallite,
869 676 927 709 1b.
949 674 1130 715 Elisabeth,
1157 672 1290 711 credite,

268 734 395 768 Laudes
419 731 488 764 Deo
511 729 648 770 promite
950 722 1060 762 Regno
1086 721 1206 761 gaudet
1229 719 1337 752 debite

269 783 349 815 Toto
376 779 472 812 corde
497 777 610 809 comite
948 769 1107 809 Paradisi,
1134 767 1289 808 plaudite,

315 828 377 861 Die
399 828 470 858 isto.
997 818 1070 851 ,Jam
1098 825 1168 847 cum
1194 814 1331 848 Christo.

187 900 236 931 2a
272 896 330 929 Cui
353 901 474 926 merces
500 898 631 931 operum
866 884 926 918 2b.
949 884 1033 923 Quos
1057 881 1212 924 tergendo
1237 881 1370 919 laverat,

271 944 335 976 Per
356 949 468 973 manus
491 941 538 971 est
563 944 739 978 pauperum
949 929 1136 971 Colligendo
1161 929 1306 969 paverat,

270 991 347 1024 Cum
373 989 526 1020 concentu
550 992 699 1024 superum
949 978 1068 1017 Quibus
1093 986 1187 1008 manu
1213 976 1371 1008 straverat

315 1038 486 1077 Reparata‚
995 1026 1153 1058 Delicata.

189 1108 244 1140 3a.
265 1103 355 1136 Haec
378 1103 536 1133 instructa
561 1099 702 1137 coelitus,
868 1093 926 1126 3b.
949 1092 1035 1125 Laus
1059 1090 1206 1123 miranda
1232 1088 1370 1121 feminae

269 1151 349 1192 Legi
373 1150 466 1182 docta
488 1147 630 1188 spiritus,
950 1140 1000 1172 De
1025 1138 1126 1179 regali
1150 1138 1279 1177 semine,

269 1199 384 1238 Plagas
407 1197 496 1229 lavat
518 1194 646 1235 penitus
951 1187 1005 1220 Sic
1032 1186 1166 1218 servivit
1188 1185 1313 1217 nemine

316 1245 378 1277 Vel
401 1244 512 1276 invito.
997 1234 1167 1267 Fastidito.

189 1315 246 1347 4a.
275 1311 444 1344 Corruscat
467 1306 629 1339 miraculis
868 1302 927 1336 4b.
950 1302 987 1333 ln
1012 1304 1045 1332 te
1071 1298 1308 1341 confidentium,

271 1358 391 1396 Terris,
415 1355 541 1397 linguis,
572 1353 710 1393 populis,
949 1350 988 1381 In
1010 1348 1129 1380 mundo
1156 1346 1336 1387 degentium

272 1405 398 1438 Nostris
423 1404 509 1435 visas
534 1401 633 1433 oculis
952 1396 1070 1429 Contra
1094 1395 1205 1435 plagas
1229 1393 1382 1425 mentium

318 1452 407 1485 Dans
430 1450 597 1482 medelam.
995 1443 1085 1475 Dans
1109 1442 1251 1474 tutelam.

189 1523 245 1555 ba.
273 1520 297 1553 O
323 1519 442 1550 virtute
466 1516 566 1555 varia,
871 1511 929 1544 5b.
950 1509 1043 1548 Veni,
1068 1511 1181 1548 mater,
1208 1515 1357 1547 propera,

271 1566 393 1600 Mundo
418 1563 607 1602 necessaria,
953 1557 1073 1589 Nostra
1097 1564 1238 1596 purgans
1263 1563 1372 1595 opera,

273 1615 320 1647 Te
345 1612 423 1645 felix
447 1610 613 1651 Hungaria
953 1605 1043 1637 Dans
1068 1612 1163 1636 nosse
1185 1605 1276 1634 trans
1301 1601 1433 1634 aethera

318 1661 419 1694 Dedit
443 1659 576 1700 prolem.
1000 1653 1120 1685 Verum
1145 1651 1254 1683 solem.

266 1736 353 1766 Grad-
381 1743 434 1763 ms,
455 1733 715 1768 Cranenburgense
740 1731 811 1758 anni
837 1727 919 1757 1340.
945 1742 984 1746 —
1005 1726 1057 1762 lb,
1083 1725 1101 1755 3
1126 1726 1247 1762 pandite
1266 1725 1321 1753 Hs.
1342 1740 1379 1744 —-—
1400 1722 1451 1757 lb,
1478 1719 1496 1749 3

188 1777 304 1805 Christo
325 1774 406 1802 fehlt.
426 1787 464 1792 -
483 1772 539 1806 4a,
559 1769 577 1799 3
596 1771 679 1798 visis.
700 1785 737 1789 —
756 1768 824 1804 Vgl.
844 1768 895 1796 Nr.
917 1765 979 1795 193.

608 1890 668 1923 193.
710 1890 753 1921 De
772 1889 882 1920 sancta
902 1886 1078 1919 Elisabeth.

191 1978 248 2013 la.
274 1974 484 2009 Laetabunda
873 1968 931 2001 lb.
953 1966 1123 1999 Elisabeth

274 2023 423 2056 Exsultet
448 2021 553 2054 fidelis
581 2019 695 2051 chorus
956 2015 1035 2047 Cum
1059 2013 1178 2044 sanctis
1203 2011 1371 2051 praeclara
1388 2008 1500 2050 fulget,

319 2069 496 2102 Harmonia
505 2081 513 2109 ς
1003 2060 1146 2100 AlleluJa
1159 2061 1165 2090 l

193 2140 249 2172 2a.
275 2136 372 2169 Plebs
395 2136 520 2174 devota,
547 2132 685 2173 psallite,
875 2128 933 2161 2b.
955 2128 1064 2167 Regno
1089 2126 1217 2166 gaudet,
1245 2124 1377 2163 credite,

278 2184 404 2217 Laudes
428 2182 498 2215 Deo
522 2179 661 2221 promite
957 2174 1127 2207 Elizabeth
1151 2173 1259 2206 debite

321 2231 385 2263 Die
408 2231 480 2270 isto,
1006 2221 1078 2254 Jam
1105 2230 1175 2254 cum
1201 2219 1339 2253 Christo.

194 2301 251 2333 3a.
278 2298 337 2331 Cui
360 2304 482 2328 merces
507 2302 637 2334 operum
877 2288 936 2322 3b.
960 2288 1044 2326 Quos
1069 2286 1223 2327 tergendo
1247 2285 1381 2324 laverat,

278 2345 340 2377 Est
362 2353 421 2383 per
445 2351 556 2374 manus
581 2345 755 2381 pauperum
961 2334 1146 2375 Colligendo
1171 2334 1304 2373 paverat

323 2392 495 2431 Reparata,
1007 2382 1163 2414 Delicata.
