1653 2632
702 127 941 163 -75—

607 227 654 259 93.
695 229 739 260 De
757 229 853 262 beata
872 231 973 263 Maria
992 232 1028 264 V.

162 298 220 333 la.
247 300 363 333 Mundi
388 307 580 339 restauratio

293 348 349 381 Fit:
374 358 413 382 ex
438 353 520 385 mira
544 355 656 398 gratia,

245 395 362 437 Stupet
385 400 500 431 mentis
524 402 624 434 ratio:

293 443 392 485 Virgo
418 446 519 479 dulcis
545 449 650 481 Maria

243 490 273 523 E
299 492 387 524 coelo
413 494 572 527 salutatur

852 310 912 345 lb.
936 311 1113 352 Conceptus
1137 313 1293 346 mirabilis

980 359 1122 391 Naturae
1148 362 1334 403 contrarius,

932 406 994 438 Est
1016 409 1127 446 partus
1152 408 1334 450 laudabilis,

980 454 1063 493 Quid
1087 454 1148 486 hoc
1171 454 1253 488 festo
1279 457 1444 490 sanctius?

931 501 1041 533 Aaron
1065 502 1155 542 virga
1180 501 1323 535 fronduit

242 537 287 570 Et
311 539 410 572 verbo
436 540 646 583 fecundatur3
931 548 1001 580 Nec
1024 549 1169 582 radicata
1193 548 1264 590 fuit,

292 586 367 626 Quis
393 589 551 627 persentit
574 590 678 622 talia?
979 595 1062 634 Quid
1087 596 1147 629 hoc
1170 596 1276 629 fructu
1300 598 1449 631 dulcius?

160 641 216 673 2a.
244 641 346 674 Natus
375 644 567 677 mirabiliter
849 650 907 684 2b.
930 652 997 684 Nos
1023 662 1042 684 a
1065 653 1156 685 malis
1182 663 1312 695 surgere

291 689 410 723 Contra
434 693 594 725 naturalia
977 700 1030 732 Ad
1056 709 1205 740 suprema
1230 702 1318 743 erigi,

243 735 391 769 Surrexit,
414 739 541 779 agiliter
930 746 1062 778 Sursum
1087 757 1168 787 quae
1189 752 1273 789 sunt,
1300 759 1424 791 sapere,

289 784 334 816 Et)
358 793 429 817 cum
454 795 490 818 eo
516 788 644 828 agmina
976 794 1031 826 Ad
1055 795 1189 827 virtutes
1216 796 1320 837 dirigi,

241 830 455 865 Surrexerunt
478 835 601 874 pariter
928 841 1074 874 Postules
1099 851 1119 873 a
1142 842 1208 875 filio

242 877 431 911 Sanctorum
458 883 609 915 coelestia
928 887 1030 920 Nobis
1053 889 1114 922 hoc
1139 890 1259 930 exsilio,

242 924 364 967 Gaude,
393 928 482 968 virgo
503 929 618 963 Maria.
927 935 1015 967 Rosa
1034 936 1146 975 ¹iuncta
1169 937 1247 969 lilio.

158 983 213 1015 3a.
241 981 393 1015 Securam
416 988 559 1018 monstra
583 987 677 1020 viam.
845 991 903 1025 3b.
927 991 978 1023 Ne
1000 993 1131 1033 maligni
1156 994 1271 1025 aemuli

238 1030 293 1062 Ad
319 1032 489 1063 coelestem
513 1034 654 1073 patriam
925 1038 1020 1070 Illam
1042 1042 1074 1071 et
1097 1040 1268 1073 latrunculi

241 1077 328 1117 Quae
354 1078 452 1120 ducit,
478 1080 561 1112 hanc
585 1090 703 1122 resera,
926 1085 1150 1128 Praecludant,
1177 1097 1270 1128 quam
1294 1098 1381 1121 mors
1407 1090 1454 1121 tui

287 1125 387 1165 Quam
410 1126 483 1158 Eva
505 1129 736 1169 praecluserat,
973 1133 1051 1164 Nati
1075 1138 1283 1168 reseraverat.

229 1198 314 1226 Miss.
341 1208 395 1227 ms.
416 1200 445 1228 S.
466 1202 601 1229 Floriani
620 1203 666 1230 XI
685 1201 748 1231 391.
778 1212 853 1233 saec.
881 1205 923 1233 14.
945 1206 980 1233 A.
1001 1221 1039 1225 —
1057 1208 1141 1236 Miss.
1169 1218 1222 1236 ms.
1243 1209 1471 1247 Salisburgense

155 1243 231 1263 saec.
260 1235 304 1265 15.
331 1237 400 1265 Cod.
428 1239 499 1266 bibl.
526 1241 607 1276 publ.
633 1242 662 1268 V
690 1241 703 1268 1
731 1242 758 1268 A
787 1241 830 1271 11.
853 1244 885 1271 Β.
907 1258 944 1262 -
964 1245 1048 1273 Miss.
1075 1255 1128 1274 ms.
1149 1246 1372 1283 Salisburgense
1398 1251 1468 1277 anni

156 1271 239 1302 1490.
261 1274 331 1302 Cod.
352 1276 447 1303 Palat.
467 1277 687 1306 Vindobonens.
719 1278 802 1307 1778.
824 1281 855 1309 Ο.
875 1296 913 1300 -
932 1282 1016 1310 Miss.
1041 1292 1094 1311 ms.
1115 1284 1279 1313 Graecense
1301 1284 1363 1313 109.
1392 1295 1467 1315 saec.

155 1309 199 1338 15.
221 1312 258 1339 D.
285 1327 317 1331 ——
339 1312 387 1347 la,
411 1312 425 1341 1
447 1318 594 1351 reparatio
613 1316 648 1343 A.
664 1333 703 1337 —
718 1316 768 1352 la,
790 1316 807 1345 5
829 1318 914 1347 Coelo
935 1320 1082 1349 salutatur
1100 1322 1133 1349 B.
1154 1338 1192 1342 —
1213 1321 1262 1357 la,
1285 1322 1302 1351 6
1321 1324 1363 1351 Et
1381 1326 1467 1361 virgo

155 1349 186 1376 Β.
207 1363 244 1368 -
266 1348 322 1384 la,
344 1351 361 1378 7
388 1354 536 1387 persensit
554 1354 615 1381 AC.
638 1370 673 1374 —
695 1354 754 1390 lb,
776 1355 792 1382 7
815 1357 892 1390 Quid
920 1358 976 1385 hoc
1001 1358 1062 1386 fetu
1081 1360 1116 1387 A.
1138 1375 1175 1379 —
1195 1358 1251 1394 2a,
1276 1359 1293 1389 3
1315 1361 1373 1389 Sed
1392 1365 1470 1391 rexit

152 1387 271 1424 agiliter
289 1389 347 1417 BC.
368 1405 406 1409 —
426 1388 479 1425 2b,
501 1389 519 1417 2
540 1394 652 1428 erigere
671 1393 705 1420 B.
723 1408 761 1412 -—
774 1391 827 1430 2b,
851 1393 867 1423 6
888 1396 943 1423 Pro
963 1397 1049 1424 nobis
1070 1398 1103 1425 B.
1117 1413 1154 1417 —
1169 1396 1222 1434 3b,
1246 1398 1259 1426 1
1280 1400 1323 1427 Te
1342 1401 1468 1436 maligni

149 1426 184 1453 B.
205 1441 242 1446 —-
263 1427 332 1454 Mel.
353 1439 392 1449 =
411 1429 516 1456 Mundi
539 1432 702 1467 renovatio,
724 1431 772 1459 die
792 1432 931 1461 deutsche
950 1433 1121 1471 Singweise.

604 1561 651 1592 94.
693 1561 737 1593 De
758 1562 852 1594 beata
871 1563 972 1595 Maria
991 1564 1027 1595 V.

150 1637 205 1671 la.
233 1637 435 1672 Consolatrix
459 1641 657 1682 miserorum,
838 1643 895 1677 lb.
919 1645 968 1677 Tu
993 1654 1067 1685 spes
1090 1646 1159 1678 sola
1183 1650 1397 1687 peccatorum,

230 1685 419 1719 Relevatrix
443 1687 651 1731 infirmorum,

278 1734 375 1777 Audi,
400 1735 537 1767 clemens
564 1736 693 1770 domina
706 1748 714 1778 3

148 1790 206 1823 Za.
231 1790 340 1822 Maria
365 1791 491 1832 dignior

279 1837 317 1869 In
340 1838 402 1870 Dei
428 1839 526 1879 curia,

229 1885 270 1917 In
294 1885 386 1917 donis
409 1886 524 1926 potior,

277 1932 370 1964 Paris
396 1942 429 1965 es
453 1934 571 1976 nescia,

229 1980 279 2012 Tu
304 1980 352 2012 sol
377 1981 579 2021 splendidior

278 2027 445 2060 Coelorum
469 2030 581 2070 gloria.

144 2086 201 2119 3a.
228 2085 358 2119 Cunctis
383 2085 475 2118 bonis
500 2089 532 2118 te
558 2087 682 2126 ditavit,

226 2133 365 2165 Hortum
397 2136 486 2165 tuum
512 2134 586 2166 dum
610 2133 769 2178 perflavit,

274 2182 395 2214 Auster
414 2181 605 2223 invisibili53

140 2239 198 2272 4a.
226 2238 275 2271 Tu
300 2237 373 2271 fons
397 2238 585 2271 indeficiens

221 2287 343 2319 Aridos
366 2286 524 2328 reficiens,

224 2335 319 2368 Mens
345 2338 396 2367 est
420 2338 495 2375 post
517 2338 550 2367 te
574 2335 685 2367 sitiens

269 2382 338 2416 Lac
363 2386 395 2415 et
419 2384 481 2415 mel
505 2382 665 2417 fluentem.

920 1692 998 1724 Orta
1021 1693 1125 1734 stella,
1151 1694 1206 1726 lux
1232 1704 1406 1738 caecorum,

965 1739 1090 1771 Ducum
1115 1739 1265 1782 frangens
1290 1744 1428 1783 agmina.

837 1794 896 1827 2b.
917 1795 1082 1828 Proclives
1106 1796 1265 1830 flectimur

965 1842 1080 1876 Statim
1105 1845 1147 1877 ad
1169 1846 1257 1888 vitia,

917 1891 955 1922 In
980 1900 1086 1931 pugna
1111 1892 1268 1925 vincimur

964 1937 1114 1970 Hostium
1138 1941 1237 1982 varia,

917 1986 999 2027 Heu,
1024 1989 1136 2029 mater,
1162 1988 1324 2032 morimur,

962 2033 1061 2065 Adde
1084 2035 1235 2069 remedia.

834 2089 891 2123 3b.
915 2090 969 2122 Sic
993 2099 1028 2122 se
1051 2092 1148 2123 terris
1173 2093 1325 2126 irroravit,

914 2137 1002 2170 Deus
1025 2147 1065 2170 ex
1089 2142 1131 2180 te,
1158 2149 1252 2180 quam
1278 2143 1409 2184 creavit,

961 2185 1065 2218 Natus
1088 2187 1270 2222 ineffabilis

831 2242 891 2276 4b.
915 2242 998 2275 Nam
1024 2252 1138 2284 corpus
1162 2244 1317 2287 inficiens,

914 2290 1069 2324 Behemot
1094 2292 1267 2335 decipiens,

914 2339 1055 2372 Mundus
1081 2343 1112 2372 et
1138 2340 1289 2374 deficiens

964 2386 1090 2420 Circum
1115 2392 1265 2429 premunt
1291 2394 1441 2427 mentem.
