1653 2632
187 418 236 449 2a

185 617 245 649 322.

181 766 241 799 4a.

183 919 243 950 5a.

182 1070 239 1101 6a.

183 1222 239 1253 va.

180 1419 236 1452 Sa.

180 1571 238 1604 9a.

158 1720 237 1753 lca.

154 2169 211 2202 la.

151 2324 207 2355 2a.

691 154 954 189 —217—

560 245 620 276 291.
661 246 705 278 De
725 254 749 277 s.
769 246 870 278 Maria
889 247 1083 288 Magdalena.

191 311 248 345 la.
278 312 423 345 Gaudeat
447 313 591 347 fidelium

276 361 385 393 concio
411 362 605 395 laetabunda

238 444 245 451 .
271 417 402 450 Adsunt
425 427 560 459 namque
588 419 680 451 nobis

269 465 423 497 solemnia

270 512 405 545 celebris

269 561 469 592 reverentiae
495 561 580 592 cultu
608 562 703 601 digna

272 618 359 655 Quae
383 617 498 649 beatae
522 618 591 657 spei
618 621 705 650 certa

266 664 470 704 ,iucundaque

267 711 403 750 praebet
426 711 517 743 nobis
545 712 741 752 documenta,

268 766 359 798 Haec
384 768 467 799 enim
491 768 678 800 multimoda

268 814 456 846 delictorum
481 816 607 847 macula

266 862 426 901 quondam
449 863 543 894 nimis
569 863 673 895 obsita

270 919 357 950 Fons
376 920 522 951 coelestis
538 920 788 960 misericordiae,

267 966 317 997 sui
341 966 424 997 roris
448 967 531 998 hanc
554 966 698 1006 perfudit

265 1012 410 1045 Christus
433 1014 533 1053 copia,

265 1070 406 1110 Agamus
431 1078 504 1111 ergo
529 1071 580 1101 illi
608 1071 727 1110 gratias

264 1126 325 1156 pro
349 1119 441 1148 tanta
465 1118 531 1157 ers
557 1126 634 1150 cura

265 1173 322 1195 nos
349 1164 525 1203 clementia,

265 1220 420 1252 Mentium
448 1225 629 1253 nostrarum
653 1222 765 1254 intima

265 1266 354 1299 fonte
378 1269 439 1300 hoc

263 1315 401 1355 rigamus
425 1316 555 1355 pietatis

263 1362 365 1402 arida,

265 1419 289 1451 Ο
314 1419 442 1462 Maria„

262 1465 324 1497 Dei
348 1475 474 1506 sponsa,
501 1466 564 1498 Dei
586 1467 698 1508 amica,

263 1514 386 1545 meritis
417 1514 552 1556 egregia,

265 1569 393 1601 Nostris
418 1570 582 1603 animabus

263 1618 424 1657 languidis
450 1619 581 1650 coelitus

259 1665 372 1696 vitalia

264 1720 310 1753 Ut
334 1721 373 1753 ab
400 1723 485 1753 omni
511 1723 623 1762 culpae

260 1770 294 1799 te
317 1769 511 1808 impetrante

263 1816 410 1849 mundati
433 1817 559 1848 macula

875 317 933 351 lb.

876 421 935 455 2b.

875 619 933 653 312.

873 770 932 804 4b.

872 919 931 954 5b.

871 1070 928 1103 fib.

871 1220 929 1253 7b.

868 1419 926 1453 8b.

868 1571 924 1605 9b.

957 318 1135 350 Personans
1162 319 1254 350 dulce
1277 319 1404 350 laudum

957 365 1056 397 melos
1080 374 1158 397 voce
1177 366 1329 405 J'ucunda.

955 421 1005 453 De
1029 422 1165 453 transitu
1190 431 1280 455 sacro

957 469 999 501 ad
1023 478 1140 508 supera

957 515 1060 548 felicis

956 563 1080 595 Mariae
1105 563 1321 603 Magdalenae
1345 572 1451 604 regna.

957 619 1148 652 Deserentes
1173 622 1209 651 ut
1235 621 1366 652 crimina

956 666 1007 699 De
1031 667 1124 699 venia

959 713 1152 746 confidamus
1178 715 1360 749 obtinenda.

955 770 1092 803 Divinae
1115 771 1273 811 largitatis

954 818 1057 858 gratia
1080 817 1116 850 fit
1141 819 1281 850 remissis

952 865 1081 897 tandem
1107 866 1208 905 culpis
1233 866 1346 899 nitida.

954 920 1000 953 Ut
1030 930 1105 953 suae
1137 921 1229 953 nobis
1260 922 1476 961 indulgentiae

953 971 1071 1007 quanta
1095 969 1138 1000 sit
1154 969 1230 1000 hinc
1246 969 1477 1000 demonstraret

952 1013 1124 1047 affluentia.

950 1070 1048 1111 Mala,
1068 1080 1148 1111 quae
1166 1072 1327 1112 gessimus,
1342 1075 1475 1112 peccata

951 1119 1108 1158 condigna
1134 1119 1289 1151 diluentes

950 1166 1156 1204 poenitentia.

953 1221 1048 1253 Roris
1073 1226 1107 1253 ut
1131 1223 1226 1262 ipsius
1257 1224 1361 1263 gratia

951 1268 1119 1308 proferant

950 1317 1084 1356 irrigata
1108 1317 1260 1348 virtutum

951 1364 1102 1403 germina.

948 1421 1002 1452 Ad
1026 1429 1159 1452 munera

951 1468 1018 1507 ejus
1043 1468 1258 1507 promerenda
1282 1477 1340 1500 nos
1364 1469 1420 1508 pia

946 1515 1025 1554 ¹iuva
1049 1524 1109 1554 per
1131 1515 1291 1556 suffragia.

948 1571 1066 1605 Confer
1090 1572 1277 1613 medicinae,

949 1628 1147 1660 quaesumus,
1177 1620 1286 1652 divina

949 1667 1101 1699 remedia.

843 1723 924 1756 101).
946 1723 1020 1755 Tibi
1048 1732 1151 1755 coram
1178 1725 1246 1756 Deo

950 1771 1177 1811 conjungamur
1204 1772 1238 1802 in

948 1818 1078 1849 coelesti
1105 1819 1201 1850 curia.

535 1875 590 1907 11.
616 1875 721 1905 Amen
744 1874 829 1906 dicat
853 1873 959 1906 fidelis
986 1875 1098 1907 chorus

707 1925 739 1953 et
761 1922 913 1962 Alleluja.

307 1994 390 2021 Miss.
412 2001 465 2019 ms.
486 1993 632 2020 Beceense
650 2000 725 2020 saec.
749 1990 793 2020 13.
818 1992 888 2020 Cod.
908 1993 1069 2021 Parisiens.
1092 1990 1166 2020 1105
1188 1994 1243 2020 mit
1260 1994 1329 2021 Mel.

542 2095 608 2127 292.
649 2096 692 2127 De
712 2103 736 2126 s.
759 2095 859 2128 Maria
879 2094 1076 2136 Magdalena.

235 2168 385 2200 Laudum
409 2166 535 2199 Christo
561 2167 733 2206 praeconia

234 2223 442 2256 personemus

237 2263 322 2296 dulci
348 2263 480 2303 musica>

236 2320 333 2360 Cujus
357 2320 461 2360 pietas

235 2368 378 2402 defectus
401 2367 510 2400 nescia

232 2417 343 2449 mundi
370 2416 489 2449 delevit
514 2415 656 2456 crimina,

844 2166 902 2199 lb.
925 2167 986 2206 Qui
1012 2167 1052 2198 de
1075 2166 1204 2198 summis
1230 2167 1272 2199 ad
1296 2167 1405 2201 infima

926 2214 1126 2254 quaesiturus

924 2262 1013 2294 venit
1036 2262 1174 2301 perdita.

845 2319 903 2353 2b.
927 2320 1030 2353 Saeva
1054 2320 1173 2351 avertit

926 2367 1038 2399 mortis
1065 2367 1256 2408 discrimina,

927 2416 1013 2448 vitae
1039 2415 1128 2448 dedit
1152 2416 1303 2449 remedia.
