1653 2632
689 116 950 151 —170—

163 212 220 244 2a.
246 209 330 242 Nam
354 209 419 242 fide
444 210 602 249 redimita,
848 211 908 244 ab.
934 212 1144 250 Praeceptum
1168 211 1347 250 salvatoris,

245 256 310 297 Spe
333 266 457 297 quoque
481 256 604 298 fulcita,
931 258 987 290 Sui
1012 257 1163 289 amatoris

246 303 386 336 Caritate
413 305 515 344 polita
931 304 1073 342 Sectans,
1098 304 1174 335 hinc
1198 304 1315 335 erroris

292 351 515 392 Triumphavit
539 350 693 393 firmiter3
978 350 1098 383 Gazam
1123 351 1246 391 sprevit
1270 350 1436 391 sagaciter.

163 424 221 456 3a.
246 422 445 461 Pauperibus
470 422 611 462 donavit,
848 421 907 454 312.
930 421 1038 453 Semet
1057 421 1160 461 ipsam
1184 421 1307 461 sprevit

247 469 407 502 Coenobia
435 468 559 509 ditavit,
929 468 1056 500 Divinis
1081 469 1138 500 sed
1163 469 1313 509 accrevit,

245 515 417 548 Diversum
443 515 671 547 consummavit
931 515 1050 555 Quibus
1075 516 1209 548 inolevit

293 562 380 602 Opus
407 562 654 595 misericordiae.
978 563 1083 603 Sagax
1110 564 1225 595 cedens
1251 564 1430 596 vecordiae.

161 634 219 665 4a.
248 632 386 665 Gurcam
409 632 594 674 illustravit,
848 633 908 667 4b.
934 634 1090 674 Spiritum
1114 634 1238 666 invexit

243 678 376 711 Affatim
402 688 496 719 quam
520 680 619 720 pavit,
932 681 1037 722 Coelo,
1062 690 1155 722 quem
1181 682 1304 723 dilexit,

244 726 296 759 Ibi
321 727 447 758 demum
473 727 593 759 dicavit
930 728 1017 761 Deus
1041 729 1116 761 hinc
1137 731 1283 769 porrexit

292 774 443 814 Corporis
468 774 660 815 suffragium.
978 776 1091 808 Multis
1116 777 1170 808 hic
1193 777 1383 810 subsidium.

163 846 220 878 5a.
246 844 378 876 Debiles
404 846 536 885 curavit,
849 846 907 880 5b.
930 847 955 880 Ο
979 845 1057 878 felix
1081 856 1165 879 nunc
1189 851 1335 891 patrona,

243 891 390 924 Infirmos
415 895 605 925 restauravit
931 894 1033 926 Nobis
1057 903 1155 934 posce
1179 895 1263 927 bona

243 939 410 979 Plerisque
431 938 579 981 flagravit
931 941 970 974 In
995 942 1102 981 coelis,
1127 951 1169 974 ne
1191 951 1250 974 nos
1273 952 1355 974 zona

291 987 402 1019 Palam
425 987 520 1019 claris
543 988 717 1020 miraculis
980 988 1087 1029 Stygis
1112 990 1250 1030 stringat
1267 990 1393 1030 Jaculis.

163 1058 219 1090 ca.
247 1056 272 1089 Ο
298 1065 422 1096 gemma
445 1057 624 1101 sublimata,
850 1062 869 1094 6
882 1060 912 1092 b.
936 1059 1135 1093 Coelestibus
1158 1063 1194 1092 ut
1218 1059 1294 1093 freti

247 1103 385 1136 Coelitus
414 1104 525 1144 ditata,
935 1107 1009 1139 Tibi
1035 1108 1206 1148 jungamur
1229 1108 1308 1140 laeti

246 1151 310 1183 Pro
335 1151 426 1183 nobis
451 1161 547 1191 prece
568 1156 640 1185 rata
934 1155 1095 1194 Expertes
1121 1155 1222 1187 omnis
1244 1156 1319 1187 meti

293 1199 364 1231 Stes
374 1207 499 1239 semper
509 1200 594 1240 apud
605 1200 789 1241 Dominum;
981 1201 1080 1234 Vitae
1096 1205 1170 1242 post
1185 1203 1278 1242 hujus
1296 1203 1474 1236 terminum.

240 1281 323 1308 Mire.
338 1291 385 1309 me
407 1283 556 1311 Gurcense
569 1291 643 1311 saec.
661 1282 704 1311 15.
731 1284 785 1312 Hs.
807 1285 857 1313 des
871 1285 972 1313 histor.
989 1286 1113 1314 Vereins
1127 1287 1158 1313 in
1171 1286 1348 1323 Klagenfurt
1361 1285 1426 1316 332.
1440 1302 1479 1309 —-

164 1316 212 1354 la,
234 1318 252 1347 ω’
276 1319 427 1347 Virtutum
448 1323 578 1348 omnium
600 1322 709 1349 alei-na.
730 1322 785 1350 Hs.

605 1451 669 1483 228.
709 1451 754 1483 De
773 1453 880 1484 sancto
900 1453 1040 1485 Henrico.

166 1529 221 1561 la.
246 1527 333 1560 Laus
357 1528 425 1562 Deo
452 1533 484 1561 et
507 1531 619 1574 gloria,
851 1533 908 1566 lb.
930 1532 1016 1565 Laus
1042 1534 1111 1574 ejus
1135 1535 1169 1566 in
1195 1537 1346 1575 tympano

244 1575 366 1617 Honor,
392 1577 504 1618 virtus,
531 1579 676 1619 victoria,
933 1581 1047 1620 Choro,
1077 1582 1207 1614 chordis
1233 1585 1265 1617 et
1289 1592 1405 1623 organo

294 1622 448 1656 Coelestis
473 1625 639 1658 harmonia
981 1628 1137 1661 Solemnis
1163 1630 1361 1670 symphonia.

163 1696 221 1727 Za.
249 1694 299 1727 De
328 1695 414 1727 coelo
439 1704 523 1728 nova
546 1697 649 1738 gratia
850 1698 910 1732 2b.
933 1698 1013 1739 Spes
1037 1703 1158 1741 nostra,
1183 1702 1279 1741 salus,
1305 1702 1406 1742 gloria

244 1742 369 1775 Exorta
393 1741 532 1784 refulget
932 1747 1028 1788 Regis
1058 1747 1202 1780 Heinrici

294 1789 388 1822 Nova
410 1791 552 1824 laetitia:
981 1794 1100 1828 Sancta
1123 1797 1287 1829 memoria.

161 1857 219 1890 3a.
245 1856 313 1896 Quo
338 1860 492 1898 regnante
513 1858 650 1899 justitia,
849 1860 908 1894 3b.
932 1861 957 1894 O
988 1860 1092 1894 felicis
1117 1863 1245 1903 imperii

248 1904 328 1944 Pax,
354 1905 477 1948 religio,
930 1909 1002 1941 Rex
1028 1910 1212 1951 catholicus,

242 1951 387 1991 Regnum
400 1950 508 1984 floruit
518 1961 588 1985 cum
598 1954 788 1995 sacerdotio,
930 1956 1029 1993 Pater
1045 1958 1182 1998 patriae,
1200 1967 1257 1990 rex
1270 1958 1475 1999 apostolicae,

246 1998 393 2031 Ecclesia
421 2000 542 2033 Christi
568 2001 715 2041 gloriosa.
932 2003 1065 2036 Gemma
1090 2004 1306 2038 confessorum
1323 2007 1475 2046 pretiosa.

160 2065 217 2097 4a.
245 2064 350 2104 Supra
374 2067 499 2104 petram
521 2067 673 2106 sapientis
848 2068 906 2100 4b.
929 2069 1037 2110 Larga
1064 2079 1186 2103 merces
1210 2072 1379 2113 largientis

289 2111 449 2144 Aedificia
977 2117 1047 2149 Deo
1072 2119 1188 2160 omnia,

339 2159 509 2199 Nunquam
533 2160 674 2192 movebit
1024 2164 1195 2206 Nunquam
1215 2167 1342 2198 accedit

386 2207 518 2247 Ventus,
530 2206 657 2248 fiumen,
667 2208 786 2247 pluvia.
1071 2212 1149 2255 Fur,
1176 2221 1302 2253 aerugo,
1328 2213 1425 2245 tinea.

160 2271 218 2303 5a.
244 2270 363 2303 Laetus
388 2272 485 2304 hodie
848 2275 907 2308 5b.
930 2276 1028 2315 Quem
1053 2287 1111 2309 rex
1135 2278 1295 2311 coelorum

241 2317 396 2358 Migravit
428 2320 470 2351 ad
495 2320 645 2352 thronum
669 2320 789 2360 gloriae
933 2323 1011 2356 Cum
1033 2325 1194 2365 triumpho
1219 2326 1404 2365 angelorum

291 2365 384 2397 Victa
407 2367 518 2398 mortis
542 2367 698 2401 molestia.
979 2372 1108 2403 Invexit
1131 2372 1173 2404 ad
1199 2372 1358 2406 coelestia.
