1653 2632
696 121 952 156 —100—

199 223 255 254 5a.
280 220 361 253 Esto
386 219 477 251 nobis
502 219 537 250 in
560 217 706 250 adversis
884 216 941 249 5b.
966 215 1050 247 Sana
1073 214 1200 246 morbos
1222 214 1407 251 animorum,

283 267 493 306 Consolatrix,
517 274 559 297 ne
585 264 738 297 demersis
965 262 1069 301 Terge
1094 261 1205 293 sordes
1230 263 1434 301 peccatorum

328 315 539 347 Dominentur
564 313 650 350 vitia,
1014 308 1135 340 Cuncta
1159 308 1283 348 pellens
1307 307 1425 347 turpia.

200 374 258 406 6a.
285 372 506 411 Orphanorum
532 368 734 405 consolatrix,
883 365 941 399 6b.
965 365 1131 405 Fatigatos
1155 364 1189 395 in
1213 364 1324 396 labore

280 419 472 451 Miserorum
498 415 690 456 reparatrix,
965 412 1070 452 Hujus
1096 411 1182 444 vitae
1208 420 1279 443 cum
1304 410 1415 442 dolore

329 466 398 505 Pia,
422 464 507 496 mitis
533 462 688 501 omnibus,
1013 459 1092 491 Tuis
1114 458 1204 491 salva
1227 457 1387 498 precibus.

201 525 255 556 7a.
282 523 366 555 Reos
391 521 489 562 solve,
512 520 615 559 justos
640 527 743 556 serva,
885 516 943 550 7b.
965 516 1035 548 Tua
1058 523 1156 556 prece
1180 513 1233 546 fac
1259 514 1390 546 devotos

282 570 398 601 Preces
423 567 522 599 funde
546 574 604 606 pro
631 568 762 597 caterva
966 564 1011 596 Et,
1035 573 1055 595 a
1080 563 1174 602 culpa
1198 570 1255 593 nos
1281 563 1419 592 remotos

327 616 391 648 Hic
416 614 573 646 adstantis
598 612 719 652 populi,
1011 611 1201 643 Innocentes
1227 609 1355 640 saeculi.

200 675 252 707 Sa.
280 674 319 705 In
343 673 404 704 hoc
427 671 546 702 mundo
570 678 627 701 nos
651 671 742 700 tuere
884 668 943 701 8b.
965 667 1092 700 Summo
1121 666 1190 708 regi
1214 675 1272 698 nos
1299 664 1407 696 devoti

280 720 326 752 Et
348 721 423 759 post
446 720 580 749 mortem
606 715 658 747 fao
683 716 795 747 videre
966 715 1034 747 Tuo
1059 714 1171 746 laudes
1197 722 1235 745 ac
1258 712 1368 752 nepoti

329 768 448 809 Jesum,
474 767 569 797 natae
593 762 703 796 filium.
1013 761 1172 794 Solvimus
1195 761 1230 792 in
1254 759 1425 791 saeculum.

204 828 219 852 ‘l
228 834 256 857 a.
284 823 418 856 Carmen
446 823 590 853 nostrum
612 818 665 851 fac
686 820 800 859 jucun·
884 818 944 852 9b.
966 817 1069 850 Aufer
1092 818 1187 858 mala,
1207 825 1287 857 quae
1303 816 1485 855 molestant,

575 868 648 900 dum

281 917 374 949 Mens
385 917 500 949 devota
508 916 559 955 sit,
575 924 629 947 cor
637 891 799 954 mundum,
965 913 1056 945 Bona
1072 910 1192 953 confer,
1210 919 1291 951 quae
1305 910 1486 949 honestant,

329 965 415 997 Pura
440 962 652 1002 conscientia3
1018 959 1130 992 Gordis
1158 957 1382 990 innocentiam.

176 1024 256 1056 loa.
281 1022 370 1061 Rege
388 1024 510 1052 mentes
537 1019 732 1058 devotorum,
861 1017 942 1051 10b.
965 1017 1114 1049 Monstra
1129 1015 1221 1047 nobis
1237 1017 1314 1046 tunc
1325 1014 1486 1054 placatum

281 1070 385 1105 Anna,
411 1067 472 1099 tibi
495 1065 696 1107 famulorum,
965 1065 1097 1104 Regem,
1122 1065 1218 1095 natae
1242 1065 1316 1093 tuae
1340 1063 1459 1099 natum,

281 1116 448 1148 Advocata
473 1114 516 1145 sis
540 1116 733 1145 moestorum
966 1112 1012 1145 Ut
1039 1114 1200 1143 cantemus
1219 1117 1345 1141 carmen
1362 1110 1485 1148 gratum

329 1162 445 1195 Mortis
470 1162 505 1193 in
530 1161 673 1193 articulo.
1015 1159 1136 1191 Mentis
1167 1166 1237 1189 cum
1262 1156 1413 1196 tripudio.

176 1222 217 1254 11
229 1230 257 1253 a.
284 1220 370 1252 Ecce
396 1227 510 1257 corpus
536 1217 613 1249 Jesu
640 1216 769 1259 Christi,
863 1216 942 1249 111).
963 1215 1051 1257 che
1076 1215 1235 1255 quondam
1252 1212 1489 1253 praesignatum

282 1266 378 1306 Cujus
403 1268 538 1296 matrem
562 1264 718 1304 peperisti
967 1264 998 1296 A
1021 1262 1187 1303 prophetis
1213 1261 1403 1298 nuntiatum,

282 1314 320 1346 In
345 1313 480 1345 salutem
504 1312 622 1344 mundo
647 1311 742 1355 tristi,
966 1311 1012 1343 Et
1036 1320 1055 1342 a
1077 1310 1183 1341 missis
1206 1308 1426 1348 praedicatum

328 1360 536 1392 Adorandum
563 1358 700 1398 populis.
1015 1357 1183 1391 Universis
1208 1355 1365 1395 gentibus.

176 1419 255 1451 12a.
282 1418 302 1451 J
306 1426 370 1458 esu,
395 1416 498 1448 nostri
521 1416 682 1454 miserere,
862 1415 944 1448 12b.
966 1415 1069 1447 Tuum
1091 1422 1206 1446 nomen
1230 1413 1424 1454 invocamus,

281 1466 395 1497 Annae
418 1463 540 1495 meritis
565 1465 656 1494 tuere
969 1462 1097 1495 Christe
1122 1462 1141 1494 J
1145 1470 1209 1499 esu,
1235 1462 1268 1491 te
1291 1459 1468 1500 laudamus,

281 1512 375 1544 Hanc
397 1514 566 1552 catervam,
590 1509 642 1541 fac
666 1510 777 1541 videre
968 1512 1083 1542 Annae
1106 1508 1229 1540 meritis
1254 1515 1419 1547 speramus

282 1560 395 1592 Temet
417 1559 531 1598 ipsum,
557 1557 724 1597 possidere
967 1557 1084 1596 Vitam,
1111 1556 1152 1588 ad
1178 1564 1272 1595 quam
1296 1553 1482 1586 festinamus

317 1608 356 1639 In
382 1606 512 1638 coelesti
535 1605 651 1645 patria.
1014 1605 1054 1637 In
1079 1606 1210 1636 aeterna
1233 1602 1344 1643 gloria.

255 1674 392 1708 Sequent.
413 1679 466 1701 ms.
486 1670 663 1698 Praedicatt.
686 1669 869 1697 Craooviens.
891 1678 913 1697 s.
936 1671 1010 1706 sign.
1033 1677 1108 1698 saec.
1131 1666 1205 1696 1516.
1226 1682 1263 1687 —
1283 1667 1367 1695 Mela
1387 1665 1493 1694 Lauda

176 1713 207 1740 Si
222 1720 258 1738 ·n.

635 1771 698 1803 124.
739 1772 782 1803 De
802 1772 914 1803 sancta
932 1772 1032 1802 Anna.

176 1837 233 1869 la.
260 1835 341 1876 Ave,
368 1837 470 1866 mater
494 1834 615 1875 inclita,
864 1833 919 1865 lb.
942 1833 1027 1874 Ave,
1054 1833 1150 1865 decus
1175 1832 1308 1874 regium,

260 1882 443 1915 Gratiarum
469 1881 599 1920 stillula,
944 1882 1077 1913 Patrum
1103 1884 1135 1912 et
1158 1879 1355 1920 pontificum,

305 1930 498 1970 Figurarum
522 1927 670 1962 formula.
992 1928 1227 1968 Prophetarum
1252 1927 1364 1967 gloria.

176 1989 234 2020 2a.
261 1987 309 2018 Te
332 1987 447 2026 psalmi
473 1989 504 2017 et
529 1986 662 2026 cantica,
863 1985 921 2018 2b.
944 1984 1147 2017 Hierusalem
1171 1992 1339 2024 properas,

258 2033 359 2066 Simul
384 2035 499 2065 ornant
521 2033 642 2065 coelica
944 2032 1022 2064 Viro
1046 2033 1133 2064 laeta
1157 2031 1279 2071 obvias,

308 2081 505 2121 Angelorum
530 2089 658 2119 organa.
992 2079 1097 2119 Anna,
1122 2081 1218 2119 porta
1243 2087 1350 2111 aurea.

176 2139 235 2171 321.
264 2137 434 2169 Genarcha
459 2137 603 2176 eximius,
862 2134 923 2167 3b.
946 2134 1110 2167 Nazareth
1134 2138 1211 2167 tunc
1235 2135 1388 2175 nascitur,

260 2184 406 2217 Joachim
432 2184 624 2224 praecipuus
944 2182 1078 2222 Templo
1103 2183 1165 2215 Dei
1189 2183 1334 2222 pascitur

308 2231 434 2263 Gaudet
457 2240 541 2263 nova
564 2230 676 2270 gratia.
992 2229 1134 2262 Pulchra
1159 2230 1236 2262 Sion
1260 2228 1339 2262 filia.

176 2289 235 2320 4a.
264 2286 397 2327 Compta
421 2296 518 2327 super
542 2287 620 2326 lilia,
864 2285 926 2318 41).
950 2286 1057 2326 Stirps
1082 2285 1186 2326 fulges
1211 2285 1349 2325 Davida,

262 2333 389 2365 Nobilis
415 2333 617 2373 Christifera,
946 2335 1042 2366 Anna
1065 2333 1269 2371 Aaronitida‚

308 2381 414 2421 Digna
437 2381 499 2412 Dei
524 2381 674 2413 thalamo.
995 2381 1123 2421 Regnas
1150 2380 1231 2412 coeli
1256 2378 1348 2414 solio.
