1653 2632
706 157 967 193 —177—

498 247 528 279 8.
556 247 704 282 Praestet
727 252 819 285 nobis
841 254 902 287 hoc
927 256 1035 290 divina
1062 261 1222 303 majestas,

557 294 615 327 Cui
639 298 682 329 sit
705 300 817 340 gloria,
847 302 916 334 laus
943 307 973 336 et
996 309 1148 348 potestas,

555 342 601 375 Ut
624 354 681 376 nos
706 355 829 381 summa
855 350 984 384 decoret
1007 353 1165 395 honestas,

602 391 626 423 O
655 393 783 437 domini,
812 401 951 433 exorate.

555 726 619 758 237.
660 729 703 761 De
724 733 843 765 sanctis
864 734 1094 770 Innocentibus.

163 788 219 819 la.
246 787 324 820 Dies
346 790 426 823 haec
450 802 507 825 nos
533 796 693 839 admonet,
850 804 906 837 lb.
931 806 1041 839 Olerus
1066 812 1098 841 et
1120 811 1212 850 plebs
1237 813 1320 845 laica

241 835 312 868 Vox
337 841 374 869 ut
397 843 507 873 nostra
531 849 659 877 resonet
930 854 1056 887 Pariter
1085 857 1242 891 dominica

291 883 419 918 Laudes
442 887 474 919 in
499 889 631 932 laetitia,
977 902 1100 935 Canant
1123 904 1286 941 beneficia.

158 939 212 971 2a.
238 939 297 978 Qui
321 941 475 976 lactentes
500 955 626 989 pueros,
845 955 904 988 2b.
925 956 975 988 De
998 958 1069 990 lacu
1093 961 1239 994 miseriae

238 987 291 1019 Ab
316 988 457 1023 Herodis
482 993 604 1026 laceros
928 1003 1043 1044 Captos
1068 1006 1139 1039 loca
1163 1009 1283 1048 gloriae

284 1035 406 1069 Perfidi
432 1041 575 1082 saevitia,
971 1052 1060 1084 Tulit
1081 1055 1123 1087 ad
1148 1054 1265 1090 felicia.

155 1090 211 1122 3a.
241 1090 356 1124 Coetus
380 1094 596 1130 innocentium
842 1105 898 1137 3b.
920 1107 974 1139 Ad
998 1110 1101 1142 coelos
1126 1112 1165 1143 ab
1191 1112 1314 1155 inferis,

237 1137 361 1172 Ductus
388 1145 435 1173 est
460 1144 502 1175 ad
524 1147 674 1185 gaudium
920 1154 975 1186 Ad
1001 1156 1099 1189 risum
1124 1168 1143 1190 a
1166 1160 1316 1203 lacrimis,

284 1186 408 1226 Raptus
433 1199 453 1221 a
477 1192 619 1235 tristitia,
967 1203 1022 1234 Ad
1043 1205 1096 1243 J'us
1123 1215 1141 1237 a
1163 1208 1294 1241 malitia.

151 1242 207 1273 4a.
235 1242 360 1282 Raptus
386 1245 425 1277 ab
450 1247 512 1279 hoc
538 1258 665 1282 carcere
837 1256 899 1288 4b.
924 1258 1028 1290 Verae
1046 1262 1131 1293 vitae
1155 1264 1257 1303 gloria

234 1289 425 1331 Triumphat
448 1294 481 1326 in
506 1297 636 1329 aethere
917 1305 995 1337 Post
1018 1307 1098 1339 haec
1118 1312 1304 1344 transitoria

278 1336 366 1370 Coeli
392 1348 460 1371 cum
486 1343 611 1384 militia,
964 1353 1128 1388 Fruuntur
1152 1359 1318 1398 supplicia.

146 1392 202 1425 5a.
231 1392 255 1425 O
284 1402 359 1426 vere
381 1399 518 1438 pueruli,
834 1407 892 1439 5b.
917 1408 980 1441 Sed
1005 1419 1064 1442 nec
1087 1413 1196 1454 lingua
1220 1418 1337 1458 nocuit,

226 1439 309 1479 Quos
335 1452 395 1475 non
423 1444 517 1484 hujus
542 1449 641 1480 seculi
915 1455 1033 1494 Quibus
1058 1461 1199 1493 nondum
1223 1462 1327 1495 adfuit

274 1488 496 1530 Deturparunt
519 1495 607 1536 vitia,
961 1503 1121 1539 Sermonis
1143 1510 1269 1548 peritia.

142 1544 199 1575 6a.
226 1544 411 1579 Mercedem
437 1549 583 1591 obtinuit,
831 1558 888 1591 eb.
910 1560 1015 1600 Igitur
1039 1566 1259 1607 stupescimus,

225 1592 313 1625 Coeli
340 1596 449 1627 sedem
474 1600 591 1631 meruit
912 1607 1040 1646 Quoties
1067 1613 1234 1646 recolimus

274 1641 407 1682 Sanguis
435 1647 466 1675 et
490 1647 665 1689 munditia;
958 1656 1048 1689 Haec
1072 1658 1132 1691 Dei
1156 1661 1289 1700 judicia.

139 1696 193 1728 7a.
223 1696 322 1735 Quem
346 1708 515 1738 precamur
539 1703 683 1748 humiles,
828 1710 884 1743 712.
907 1712 1087 1755 Martyrum
1112 1716 1271 1758 suffragio,

219 1743 264 1776 Ut
291 1744 445 1779 defendat,
469 1747 600 1790 fragiles
907 1759 1045 1798 Quorum
1069 1767 1180 1796 nostra
1205 1767 1313 1798 concio

265 1791 377 1825 Hostis
403 1804 422 1826 a
446 1798 588 1836 nequitia
955 1807 1039 1840 Colit
1061 1811 1216 1855 natalitia,

567 1856 605 1888 8.
630 1856 661 1887 A
685 1859 770 1890 malo
795 1869 852 1892 nos
879 1866 979 1905 eruat,

622 1904 767 1938 Aeterna
791 1916 848 1939 nos
872 1909 987 1942 induat

671 1952 747 1985 Cum
772 1955 891 1988 sanctis
912 1958 1046 1997 Justitia.

204 2017 288 2046 Miss.
317 2028 369 2047 ms.
393 2020 487 2058 Capit.
510 2022 693 2054 Cracovieus.
721 2025 748 2055 2.
770 2031 841 2057 anni
863 2029 945 2060 1438.
965 2033 1000 2061 A.
1021 2049 1058 2054 —
1077 2036 1159 2065 Miss.
1183 2047 1235 2066 ms.
1260 2041 1354 2076 Capit.
1377 2043 1446 2071 Cra-

128 2057 255 2084 coviens.
286 2057 309 2084 1.
332 2066 407 2086 saec.
437 2059 481 2088 15.
502 2062 534 2089 Β.
560 2077 591 2081 -
612 2063 695 2092 Miss.
723 2075 776 2094 ms.
798 2068 986 2107 Pollingense
1014 2081 1089 2101 saec.
1118 2074 1160 2103 15.
1184 2077 1255 2105 Clm.
1275 2080 1445 2110 Monacens.

127 2091 164 2121 14
174 2091 242 2122 88:
270 2095 301 2124 C.
323 2111 359 2115 —
383 2096 438 2132 lb,
463 2097 482 2127 3
503 2099 609 2128 Cantat
627 2103 669 2137 A3
697 2108 784 2132 canat
801 2106 834 2134 B.
856 2122 893 2127 —
914 2106 969 2144 3a,
991 2109 1008 2138 3
1032 2112 1140 2148 Captus
1168 2123 1186 2142 a
1212 2118 1337 2146 tristitia
1355 2120 1389 2147 A.
1410 2135 1444 2140 -—

123 2129 179 2165 4b,
202 2131 216 2160 1
239 2133 264 2161 O
287 2143 377 2163 verae
397 2138 479 2165 vitae
494 2138 554 2166 AB.

555 2241 623 2274 238.
662 2243 706 2275 De
727 2249 834 2278 sancto
856 2247 1005 2281 Joachim.

121 2306 178 2339 la.
207 2308 417 2342 Concinamus
440 2311 474 2343 in
500 2312 562 2344 hac
588 2314 640 2346 die
816 2319 872 2354 lb.
897 2320 1007 2354 Ortum
1037 2325 1104 2364 eJ'us
1131 2326 1171 2358 de
1195 2329 1296 2369 regali

203 2356 294 2389 Patri
319 2357 453 2399 virginis
477 2360 603 2393 Mariae
897 2369 1005 2410 Stirpe
1029 2375 1125 2413 atque
1149 2377 1332 2417 prophetali

254 2404 357 2438 Felici
383 2416 454 2439 cum
479 2410 641 2451 memoria,
943 2418 1040 2452 Vetus
1064 2424 1184 2461 promit
1207 2425 1352 2461 historia.

173 2463 301 2491 Dreves,
318 2465 462 2495 sequentiae
474 2468 593 2493 Ineditsse.
621 2470 653 2493 11.
1229 2480 1265 2509 12
