1653 2632
673 130 906 164 „20—

558 234 600 266 14.
642 233 683 264 De
705 230 813 263 divina
832 227 1005 268 Sapientia.

136 328 192 359 la.
218 324 299 356 Veni
323 321 488 362 sapientia,

220 371 401 404 Gratiarum
425 367 539 408 gratia,

217 421 316 451 Amor
341 424 449 449 amans
471 414 586 452 omnia,

136 479 191 511 2a.
220 473 420 508 Consolatrix
443 471 548 511 hagia,

215 523 298 555 Reos
322 530 380 553 nos
406 518 539 550 concilia

217 570 370 602 Errantes
394 575 453 606 per
478 564 579 603 devia,

137 629 191 661 Sa.
219 626 243 658 O
268 626 324 656 lux
347 622 540 660 beatissima,

217 673 304 705 Luce
330 679 388 703 nos
414 667 589 700 clarissima

218 719 320 759 Reple
345 720 377 749 et
400 715 553 754 illumina,

137 780 191 811 ia.
218 776 307 808 Lava
330 777 440 806 nostra
464 771 552 811 vitia,

220 824 342 856 Relaxa
362 819 493 862 flagitia,

220 871 314 903 Solve
337 868 442 901 vincla
465 866 570 905 noxia,

139 931 196 962 5a.
221 927 273 959 Da
296 927 338 959 ad
362 928 395 957 te
420 922 627 956 clamantibus

219 975 265 1007 Et
287 974 319 1005 in
344 976 377 1004 te
402 970 604 1003 credentibus

221 1022 341 1054 Locum
365 1021 398 1052 in
424 1017 621 1056 coelestibus,

815 312 875 346 lb.
897 311 986 344 Doce
1010 318 1067 341 nos
1093 310 1126 339 te
1147 314 1288 346 noscere,

897 358 1030 390 Trinum
1053 355 1156 387 Deum
1182 354 1313 386 credere

897 405 940 437 Et
965 412 1041 437 vere
1067 402 1208 442 diligere.

817 463 875 496 2b.
898 461 965 494 Nos
990 459 1073 500 fove,
1099 467 1157 491 nos
1182 457 1286 494 visita,

898 509 966 541 Nos
990 516 1066 548 rege
1091 509 1121 538 et
1148 505 1262 544 excita,

900 556 996 588 Salva
1017 558 1073 587 tua
1093 554 1261 594 plasmata.

818 614 875 648 3b.
899 613 994 653 Cujus
1018 610 1184 643 influentia

900 660 1029 700 vivunt,
1057 659 1165 698 vigent
1189 656 1304 696 omnia,

901 708 1037 747 coelica,
1062 705 1238 738 terrestria.

819 766 876 799 4b.
898 765 1011 797 Flecte
1035 772 1092 795 nos
1118 762 1160 794 ad
1179 761 1315 800 veniam,

899 811 1024 845 Praebe
1047 809 1279 850 indulgentiam

900 859 1069 891 Renovans
1094 866 1153 911 per
1178 856 1322 896 gratiam.

820 917 878 951 5b.
900 916 963 948 Dei
987 914 1154 954 sapientia,

902 963 1004 996 Nobis
1029 962 1073 992 sis
1096 960 1238 1001 propitia

903 1011 992 1043 Dans
1016 1012 1146 1041 aeterna
1170 1006 1296 1049 gaudia.

217 1106 296 1133 Orat.
321 1113 374 1132 ms.
396 1103 548 1131 Scotorum
567 1099 786 1128 Vindobonens.
807 1095 845 1125 54
864 1096 884 1123 h
904 1093 922 1123 8
945 1103 1020 1122 saec.
1043 1092 1088 1120 15.
1111 1106 1146 1111 —-
1164 1092 1225 1119 Aus
1247 1091 1328 1118 einer
1346 1089 1448 1116 Votiv-

141 1153 192 1172 me=
207 1152 230 1171 ’,Γ
258 1143 310 1172 ..de
329 1144 432 1170 sancta
451 1137 624 1176 sapientia“.
653 1136 722 1164 Mel.
739 1135 867 1164 offenbar
880 1134 1008 1160 :Veni
1028 1134 1128 1159 sancte
1142 1130 1279 1166 Spiritus.
1301 1142 1336 1146 —
1359 1126 1408 1160 la,
1432 1124 1447 1153 1

139 1183 217 1210 Veni
237 1189 353 1217 sponsa,
374 1178 580 1207 verschrieben
600 1176 669 1203 oder
689 1173 868 1202 liickenhaft.
889 1187 927 1192 -—
947 1169 999 1205 31³,
1020 1168 1038 1198 3
1059 1167 1214 1197 Coelestia.

577 1306 621 1337 15.
657 1305 701 1336 De
721 1312 761 1335 ss.
781 1302 907 1334 Nomine
928 1301 1010 1333 Jesu.

146 1399 201 1431 ia.
228 1395 352 1428 Nomen
374 1394 447 1433 jure
471 1391 683 1429 sublimatum,

228 1445 265 1476 Iu
292 1441 425 1474 excelsis
448 1440 625 1477 adoratum,

276 1490 399 1522 Nomen
424 1495 564 1519 summae
587 1485 717 1526 gloriae,

148 1550 202 1581 Za.
224 1547 314 1579 Haec
338 1548 450 1578 octavo
477 1544 529 1576 die
552 1545 671 1581 natum,

231 1593 457 1628 Circumcisum
485 1599 573 1623 more
596 1592 734 1629 patrum,

278 1642 476 1675 Salvatorem
499 1638 651 1677 nominat,

149 1702 204 1733 3a.
231 1700 269 1732 In
293 1699 354 1730 hoc
376 1698 463 1729 lucet
485 1694 638 1727 trinitatis

233 1746 393 1787 Splendor
417 1747 511 1784 atque
534 1741 677 1781 unitatis,

277 1794 349 1826 Hoc
373 1792 495 1824 coelum
517 1788 689 1828 laetificat3

151 1854 206 1885 4a.
233 1851 304 1883 Hoc
333 1853 382 1881 est
404 1857 518 1880 nomen
541 1847 681 1879 salutare

233 1899 277 1930 Et
299 1898 438 1929 solamen
462 1895 632 1935 singulare,

282 1945 373 1985 Quod
395 1943 553 1975 succurrit
575 1941 738 1982 tristibus3

155 2005 211 2036 5a.
236 2002 309 2034 Hoc
333 2003 382 2032 est
403 2001 503 2031 melos
527 1999 756 2039 praedicatum,

236 2049 339 2081 Dulce
361 2048 424 2078 mel
449 2050 497 2078 est
520 2047 554 2078 in
578 2048 734 2085 vocatum,

283 2095 397 2127 Servat
420 2094 459 2125 ab
484 2093 672 2132 insultibus;

157 2155 213 2187 Sa.
238 2152 324 2184 Ecce
348 2159 461 2183 nomen
486 2150 670 2190 gratiosum,

238 2200 460 2237 Frmtuosum,
485 2197 660 2229 virtuosum

285 2247 369 2279 Prae
395 2245 515 2277 cunctis
541 2242 730 2282 nominibus,

159 2306 177 2338 7
186 2314 215 2339 a.
241 2303 365 2336 Nomen
389 2302 557 2341 pulchrum
579 2300 612 2331 in
639 2299 762 2337 decore,

242 2352 368 2385 Summe
392 2350 506 2381 bonum
531 2348 564 2379 in
589 2347 707 2385 valore,

287 2400 377 2432 Intus
399 2396 485 2436 sapit
509 2395 661 2433 dulciter3

827 1387 884 1420 1b.
908 1384 1051 1418 Gabrieli
1075 1383 1251 1415 revelatum

908 1433 953 1466 Et
975 1433 1010 1464 in
1033 1431 1128 1463 terris
1153 1429 1334 1461 nuntiatum

959 1479 1115 1513 Genitrici
1140 1477 1272 1518 gratiae.

828 1539 887 1572 21).
910 1537 1067 1571 Universo
1095 1534 1292 1575 publicatum

910 1584 1033 1618 Mundo
1057 1591 1172 1615 nomen
1196 1582 1258 1613 hoc
1279 1580 1408 1612 beatum

961 1631 1134 1666 Credentes
1159 1627 1327 1661 salvificat.

832 1691 890 1725 3b.
911 1691 951 1723 In
974 1689 1036 1721 hoc
1060 1687 1163 1727 fulget
1185 1686 1286 1718 honor
1310 1684 1423 1725 patris,

913 1738 952 1771 In
976 1737 1038 1769 hoc
1062 1737 1152 1775 patet
1178 1734 1273 1766 decor
1297 1732 1420 1772 matris,

961 1784 1034 1817 Hoc
1058 1782 1175 1815 fratres
1197 1779 1362 1822 glorificat.

833 1843 890 1876 4b.
912 1842 985 1875 Hoc
1008 1850 1065 1873 nos
1087 1840 1180 1872 decet
1203 1839 1372 1877 honorare,

914 1889 1121 1928 Benedicere,
1147 1887 1282 1919 laudare

962 1937 1095 1976 Semper
1118 1935 1212 1967 laetis
1236 1933 1406 1966 mentibus.

835 1996 894 2029 5b.
917 1995 1044 2029 Jubilus
1071 1995 1120 2024 est
1144 1992 1327 2032 cogitatum,

916 2042 1041 2074 Nomen
1064 2041 1145 2071 mire
1169 2038 1376 2071 formidatum

963 2088 1116 2128 Malignis
1141 2086 1319 2126 spiritibus,

837 2147 894 2180 6b.
916 2146 1046 2177 Vultum
1070 2144 1131 2176 Dei
1156 2143 1337 2184 gloriosum,

919 2193 1114 2233 Speciosam,
1139 2198 1318 2222 amorosum

966 2239 1114 2273 Ostendit
1135 2237 1326 2270 hominibus,

840 2298 898 2331 7b.
922 2298 1049 2330 Summe
1072 2298 1186 2336 potens
1210 2294 1244 2325 in
1269 2293 1388 2334 vigore,

922 2344 1049 2376 Summe
1074 2343 1193 2374 celsum
1212 2341 1246 2372 in
1270 2341 1401 2381 honore,

968 2391 1119 2423 Delectat
1146 2388 1293 2420 feliciter.
