1653 2632
252 244 308 275 9a.
336 242 389 274 Sic
413 246 462 275 ter
486 243 571 274 terni

337 290 455 321 docetis
483 290 611 322 ordines

332 339 382 369 ter
406 340 532 369 sanctus

330 393 465 416 consone
490 385 660 416 clamantes

227 440 305 473 10a.
330 441 384 472 Ad
408 441 499 480 hujus
525 443 652 472 sanctae

327 488 479 519 trinitatis
515 488 632 518 cultum
664 488 825 519 sanctissi-

617 544 701 566 mum

225 591 265 623 11
276 600 303 622 a.
332 590 395 622 Vos
419 593 527 622 ternos

330 638 475 669 continue

330 684 457 716 ordines
480 687 587 717 vestro

325 732 486 770 J'uvamine

221 789 264 822 12
275 798 302 820 a.
329 788 375 820 Ut
399 788 452 828 qui
476 797 536 828 per
560 789 751 830 superbiam,

327 836 508 874 vanitatem,
533 836 727 878 illecebram,

328 883 391 914 heu
414 892 520 914 sumus
546 884 684 923 oppositi

326 930 421 969 patri,
448 930 555 970 verbo,
580 932 751 972 pneumati,

220 987 299 1020 1321.
324 987 363 1018 ln
388 989 499 1019 sancta
521 986 595 1027 fide,
621 996 688 1028 spe,

324 1034 465 1074 caritate,

324 1081 402 1121 sani,
428 1081 514 1120 laeti,
540 1082 656 1121 integri

848 146 916 181 276
965 166 1013 171 —

935 242 993 275 9b.
1015 242 1148 274 Trinum
1173 245 1269 281 atque

1015 298 1112 320 unum
1137 289 1251 328 Deum,
1278 289 1380 320 solum

1015 339 1168 376 sanctum,
1195 336 1313 367 sanctis

1016 384 1136 415 cunctis
1161 382 1418 423 praeferendum.

908 440 988 473 10b.
1011 440 1266 481 Conjugatorum,

1014 488 1241 520 continentium
1266 491 1361 528 atque
1375 490 1536 520 rectorum

907 592 924 624 1
931 592 948 625 1
957 591 988 624 b.
1012 593 1161 632 Purgate‚

1009 640 1179 680 illustrate,

1010 687 1190 720 humilitate

1007 733 1161 774 perficite.

905 790 985 823 12b.
1006 791 1079 824 Jam
1102 800 1161 830 per
1186 791 1420 834 abstinentiam,

1008 847 1142 879 oramus,
1170 839 1392 881 elemosynam,

1009 886 1124 927 sobrie,
1145 886 1240 927 juste,
1267 887 1320 926 pie

1008 933 1150 964 vivamus
1175 933 1243 965 Deo
1267 934 1386 974 placite

903 989 983 1022 13b.
1007 989 1072 1021 Ter
1096 993 1224 1021 sanctus
1251 991 1422 1023 clamantes

1007 1037 1171 1069 dulcisone

1006 1084 1110 1124 corde,
1137 1093 1200 1127 ore,
1229 1094 1336 1126 opere,

625 1139 680 1171 14.
706 1137 871 1178 Simusque
890 1140 1052 1172 vobiscum
1076 1141 1159 1180 grati

707 1195 846 1217 summae
868 1187 1013 1219 trinitati.

293 1267 379 1295 Grad.
401 1276 453 1295 ms.
468 1268 562 1295 Palat.
576 1269 794 1297 Vindobonens.
816 1268 851 1298 13
862 1268 927 1298 314.
947 1279 1023 1299 saec.
1045 1270 1090 1299 11.
1110 1272 1174 1299 add.
1194 1281 1269 1300 saec.
1291 1271 1364 1302 12l13.
1380 1289 1417 1293 —
1430 1268 1524 1303 Uber-

222 1305 319 1333 schuss·
343 1314 399 1333 von
415 1306 447 1341 je
469 1307 549 1333 einer
568 1306 650 1334 Silbe
669 1305 720 1341 31³,
740 1306 774 1342 6;
797 1307 848 1342 510,
868 1306 901 1344 33
923 1307 973 1344 δί),
994 1308 1026 1345 5;
1049 1308 1101 1345 91),
1122 1307 1154 1345 3;
1177 1309 1245 1346 12b,
1267 1310 1294 1338 4.

679 1445 744 1477 374.
783 1446 826 1477 De
848 1454 888 1477 ss.
907 1447 1044 1487 Angelis.

214 1533 268 1565 Ia.
297 1532 499 1564 Sollemnizet
522 1533 613 1573 plebs
637 1533 741 1566 fidelis

295 1580 349 1611 Ad
374 1580 523 1612 honorem
546 1581 714 1612 Michaelis

342 1627 448 1666 Atque
473 1627 552 1659 coeli
577 1628 701 1669 civium,

213 1685 271 1717 2a.
297 1684 336 1716 In
362 1692 494 1716 excessu
516 1685 630 1716 mentis
653 1686 727 1725 piae

294 1731 372 1763 Tres
397 1731 559 1763 adstantes
584 1732 782 1765 hierarchiae

338 1778 423 1810 Miro
446 1782 560 1811 vacant
580 1779 692 1821 jubilo,

212 1836 267 1867 Sa.
294 1835 413 1867 Fluens
435 1845 508 1867 rore
532 1837 685 1868 matutino

293 1882 416 1914 Nomen
441 1883 541 1915 trahit
564 1893 584 1915 a
608 1885 728 1915 camino

343 1930 517 1970 Seraphica
539 1931 631 1971 legio,

209 1987 265 2018 4a.
293 1986 418 2019 Cherub
444 1987 545 2018 visum
569 1996 631 2019 non
657 1987 787 2020 offendit,

290 2033 363 2065 Lux
384 2034 537 2066 immensa
561 2035 618 2066 sed
642 2036 788 2067 accendit

340 2081 378 2113 In
400 2084 442 2120 te,
467 2082 574 2113 lumen
597 2082 758 2125 luminum,

210 2137 265 2168 5a.
294 2136 490 2169 Coassistunt
512 2139 565 2169 isti
588 2138 704 2177 throni,

290 2184 350 2223 Qui
375 2193 537 2218 causarum
560 2189 634 2217 sunt
657 2183 784 2225 patroni

337 2231 502 2263 Dictantes
528 2233 660 2273 judicia,

209 2288 265 2320 6a.
291 2287 457 2319 Dominari
481 2289 535 2328 qui
561 2289 716 2329 dicuntur,

286 2334 373 2366 Mira
395 2344 475 2374 pace
498 2335 705 2375 perfruuntur

335 2380 416 2413 Visa
438 2382 499 2414 Dei
524 2384 642 2423 requie,

898 1535 955 1569 11).
976 1536 1061 1568 Laus
1086 1537 1120 1568 in
1145 1540 1241 1578 terra,
1268 1538 1337 1570 laus
1362 1539 1394 1570 in
1414 1540 1520 1579 caelis,

974 1583 1054 1615 Liae
1077 1585 1214 1616 clamant
1241 1588 1273 1616 et
1295 1586 1445 1618 Rachelis

1021 1631 1202 1664 Advenisse
1226 1633 1386 1673 gaudium.

893 1687 952 1719 2b.
974 1687 1059 1719 Dum
1083 1691 1116 1720 te
1134 1689 1276 1730 laudant,
1302 1691 1465 1732 trishagie‚

974 1735 1113 1775 Replent
1135 1745 1242 1768 omnes
1266 1737 1449 1771 thearchiae

1020 1782 1143 1815 Lumen
1168 1785 1236 1816 sine
1256 1785 1369 1824 jubilo.

892 1838 950 1871 eb.
973 1840 1039 1879 Quo
1064 1841 1136 1880 plus
1163 1841 1272 1873 adstat,
1295 1852 1315 1874 a
1340 1843 1454 1884 vicino,

974 1886 1108 1930 Christe,
1135 1888 1204 1927 tibi,
1227 1889 1300 1928 plus
1327 1890 1433 1923 divino

1021 1934 1186 1967 Crematur
1211 1936 1368 1971 incendio.

889 1990 946 2025 4b.
969 1991 1014 2022 Et
1036 1995 1160 2024 secreta
1186 1994 1434 2033 comprehendit,

973 2037 1208 2079 Comprehensa
1231 2040 1282 2072 his
1305 2042 1445 2073 ostendit

1018 2085 1239 2126 Subjectorum
1265 2089 1433 2129 agminum.

889 2142 945 2174 5b.
968 2141 1052 2174 Huic
1077 2144 1197 2175 clarum
1222 2147 1270 2176 est
1293 2146 1418 2188 legioni,

972 2189 1061 2228 Quod
1086 2200 1145 2230 per
1171 2200 1238 2223 eam
1263 2193 1332 2224 vult
1357 2193 1483 2232 disponi

1016 2237 1104 2269 Deus
1130 2240 1330 2280 emergentia.

888 2291 945 2325 6b.
971 2294 1060 2325 Intra
1083 2304 1154 2327 sese
1175 2296 1365 2337 colliguntur

969 2340 1014 2372 Et
1035 2346 1201 2382 sequentes
1226 2343 1276 2374 his
1302 2343 1481 2377 subduntur

1014 2388 1114 2421 Modo
1137 2391 1346 2423 reverentiae.
