1653 2632
705 136 941 171 -33—

164 226 224 258 4a.
252 226 277 259 O
305 227 375 267 quis
402 229 491 261 cibus
517 231 710 272 angelorum,
854 234 914 267 4b.
937 234 1004 274 Quo
1029 234 1141 275 regina
1165 235 1244 266 coeli
1268 237 1371 275 porta,

250 273 338 313 Quae
362 279 437 308 sunt,
460 276 545 309 festa
567 287 777 319 supernorum
937 282 1000 314 Per
1017 291 1111 322 quam
1126 282 1244 314 mundo
1261 283 1317 314 lux
1334 286 1382 314 cst
1398 285 1479 323 orta,

297 322 395 363 Regis
419 324 454 357 in
479 326 611 367 rosario,
984 330 1133 363 Cernitur
1158 338 1227 361 cum
1251 329 1328 362 filio.

167 379 224 413 5a.
251 379 309 412 Pie
333 381 421 422 Jesu‚
448 380 551 414 forma
572 393 686 424 mores,
853 386 911 419 5b.
934 386 1046 418 Dulcis
1072 386 1159 426 Jesu,
1186 386 1412 427 supplicamus,

248 427 340 460 Pelle
362 431 470 467 pestes
494 432 527 461 et
553 438 687 471 errores,
934 434 981 467 Ut
1004 436 1037 465 te
1060 434 1137 465 laeti
1160 434 1324 465 videamus

247 474 315 506 Nos
340 475 453 508 videre
477 477 558 508 coeli
580 476 675 509 flores
936 481 1014 514 Cum
1037 480 1144 512 Maria
1167 481 1359 521 gaudeamus

293 522 346 554 Da
369 527 445 562 post
467 523 547 555 haec
568 524 691 558 exsilia.
981 528 1026 560 Et
1049 528 1168 560 sanctis
1192 528 1225 560 in
1250 528 1360 568 gloria.

238 586 318 614 Orat.
345 596 399 615 ms.
420 588 655 618 Underdorfense
679 598 755 618 saec.
777 589 821 618 15.
850 592 921 620 Clm.
942 594 1110 621 Mcnacens.
1138 591 1222 621 7815.
1244 608 1283 612 —
1303 593 1388 621 Form
1417 593 1477 620 ‘lud

160 623 296 660 IIaltung
317 626 472 661 beweiscn,
493 624 559 654 dass
582 627 635 655 das
655 628 730 656 Lied
750 630 816 657 eine
836 630 970 666 Sequenz
990 632 1037 658 ist.

580 738 625 769 37.
664 738 700 770 In
719 739 906 771 Ascensione
927 740 1059 772 Domini.

560 811 591 842 1.
617 809 723 841 Adest
748 810 816 842 dies
843 810 989 851 celebris,

666 858 796 891 Coelum
822 857 949 891 Christo
973 859 1105 901 petitur,

619 904 740 937 Sedens
765 913 842 946 gens
866 904 901 936 in
924 905 1066 937 tenebris

662 952 912 991 Redemptorem
938 953 1089 996 sequitur,

618 998 720 1039 Caput
744 1002 889 1031 nostrum
914 999 1047 1031 dextera

616 1046 722 1078 Patris
748 1046 885 1077 cinctum
908 1046 1019 1078 laurea

664 1093 768 1133 Supra
793 1095 907 1125 cuncta
931 1093 1064 1127 sistitur.

155 1147 210 1178 2a.
236 1146 333 1187 Ecce,
358 1148 445 1188 patri
469 1149 619 1189 loquitur,
841 1149 899 1182 2b.
923 1149 1028 1189 Salve,
1054 1150 1226 1191 unigenite,

236 1195 402 1239 Populum,
430 1196 484 1236 qui
508 1198 661 1236 sequitur,
921 1195 1050 1236 Fateor,
1077 1198 1161 1236 quod
1188 1198 1263 1230 dedi
1285 1201 1319 1230 te

283 1241 384 1274 Fluor
407 1243 470 1274 mei
493 1243 604 1275 lateris
968 1243 1007 1275 In
1030 1244 1137 1276 lumen
1160 1245 1335 1287 gentilium,

281 1288 385 1321 Solvit
410 1290 502 1322 domo
529 1290 677 1331 carceris,
966 1290 1047 1322 Fert
1070 1294 1164 1331 pater
1187 1292 1229 1325 ad
1253 1291 1364 1325 filium.

233 1335 408 1369 Nobiscum
432 1338 564 1378 associa,
918 1339 1002 1370 Istos
1027 1338 1130 1370 libens
1157 1340 1259 1380 capio,

231 1383 316 1422 Quos
341 1385 464 1424 potenti
489 1385 594 1426 gratia
918 1385 990 1418 Illis
1015 1385 1133 1417 bonum
1158 1387 1260 1427 cupio,

278 1430 388 1463 Eduxi
413 1432 453 1464 ab
478 1431 602 1465 inferis.
967 1432 1050 1472 Quos
1074 1436 1164 1465 tenet
1184 1434 1340 1467 exsilium.

149 1487 207 1521 33..
234 1486 342 1528 Omne,
370 1489 453 1529 quod
480 1489 539 1530 vis,
565 1488 658 1529 facio,
836 1489 893 1523 3b.
915 1489 986 1529 Ego
1012 1498 1082 1521 cum
1110 1490 1275 1530 spiritibus

230 1534 310 1567 Tam
335 1535 426 1568 brevi
450 1536 484 1568 in
510 1537 613 1576 spatio
918 1537 1093 1569 Exsultans
1117 1537 1266 1570 fidelibus

230 1582 300 1615 Tua
324 1586 436 1615 sancta
458 1585 566 1624 passio
921 1584 1036 1616 Grates
1062 1585 1121 1617 tibi
1146 1584 1252 1618 refero

278 1630 382 1663 Solvit
405 1640 499 1664 omne
523 1632 702 1672 saeculum3
964 1632 1167 1665 Praedilecto
1192 1632 1278 1674 fi1i03

228 1676 281 1710 Da
303 1678 409 1710 locum
432 1679 570 1711 ubilibet
916 1679 1051 1712 illusisti
1074 1680 1231 1721 daemoni,

227 1725 274 1756 Et
296 1726 468 1758 manducet
492 1726 635 1767 quilibet,
918 1726 1101 1759 Subvenisti
1124 1728 1245 1760 homini

278 1772 369 1811 Quod
393 1775 526 1814 parasti,
552 1773 719 1808 ferculum.
966 1774 1077 1806 Crucis
1100 1774 1267 1809 beneficio.

222 1837 295 1865 Clm.
307 1838 478 1866 Monacens.
497 1836 545 1873 (ol.
561 1837 852 1875 Sanemmeramens.)
872 1837 969 1868 14926
990 1847 1066 1867 saec.
1088 1838 1133 1867 15.
1153 1854 1191 1859 --
1210 1840 1280 1868 Mel.
1289 1839 1462 1875 jedenfalls:

143 1875 429 1951 ssswffilffigssfflffrwffsifh
453 1876 523 1904 aber
542 1877 617 1904 nach
638 1877 689 1904 der
708 1878 927 1906 franzesisohen
948 1878 1118 1914 Singweise.
1138 1893 1177 1897 —
1199 1876 1224 1911 1,
1244 1877 1264 1905 4
1282 1878 1463 1915 Redemptor

598 2008 643 2040 38.
683 2008 719 2040 In
740 2007 927 2040 Ascensione
946 2007 1003 2039 DN.

142 2078 197 2112 la.
225 2078 380 2111 Paracliti
403 2079 507 2111 sancti
831 2078 889 2112 1b.
911 2079 1155 2120 ExspectamuS,
1179 2083 1322 2113 sanctam

223 2127 472 2159 consolationem
496 2127 584 2168 piam
912 2127 1190 2167 repromissionem
1213 2130 1311 2159 tuam.

139 2184 197 2216 2a.
222 2184 361 2217 Peracta
385 2185 580 2217 ascensionis
828 2184 886 2217 2b.
913 2184 981 2224 Qua
1004 2193 1168 2225 regressus
1194 2193 1227 2216 es
1251 2185 1283 2216 in
1310 2185 1433 2217 coelum

221 2234 332 2266 sancta
356 2233 520 2273 solemnia,
909 2232 995 2275 nube
1019 2234 1129 2265 vectus
1156 2232 1252 2274 clara,

596 2291 628 2323 3.
654 2290 784 2323 Pollens
809 2290 906 2322 laude

655 2341 796 2371 aeterna.

210 2404 294 2432 Miss.
315 2413 369 2432 ms.
389 2405 559 2433 Parisiense
580 2413 656 2433 saec.
680 2402 723 2432 14.
748 2404 817 2432 Cod.
840 2404 1003 2432 Parisiens.
1025 2401 1091 2432 860.

192 2455 319 2483 Dreves.
335 2456 480 2484 sequentiae
491 2456 607 2479 Ineditae.
636 2456 669 2479 ΙΙ.
1266 2450 1285 2480 3
