1653 2632
213 238 270 271 72..
298 238 429 271 Coelum
454 248 578 280 quoque
600 243 688 272 terra

298 289 329 318 et
353 294 452 329 mare,
479 288 537 327 sol,
563 288 649 331 luna,

296 334 405 367 sidera
428 335 496 375 poli
521 333 646 375 fulgida

212 392 269 424 8a.
295 390 342 423 Et
365 394 476 423 sancta
498 392 624 432 agmina

294 439 343 471 Te
369 439 563 480 collaudant,
589 439 735 479 adorant,

294 489 405 519 sancte
428 495 497 528 rex,
523 487 557 518 in
580 487 642 519 hac
664 487 737 519 aula

293 534 444 574 pretiosa.

211 590 267 623 9a.
294 591 382 631 Quae
406 593 616 631 permaneant

294 638 380 670 omni
405 646 476 669 cum
500 646 580 678 pace

292 686 361 717 sine
384 684 449 717 fine

291 735 324 764 te
348 735 516 772 annuente,

185 789 265 822 10a.
291 788 405 821 Honor
430 791 462 820 et
485 789 596 828 virtus,

292 835 461 876 fortitudo,

291 884 363 916 laus
389 886 421 915 et
444 884 614 924 imperium

293 931 452 971 decusque
474 932 646 964 maximum

814 143 883 179 289
930 163 979 168 —

902 240 959 274 7b.
982 241 1114 280 Tuaque
1138 243 1254 278 creata,

982 297 1001 320 o
1025 287 1123 328 Deus,
1148 287 1254 319 omnia

980 335 1040 367 tibi
1065 334 1207 368 serviunt
1230 343 1289 374 per
1314 333 1429 366 saecla.

899 392 957 427 8b.
979 393 1048 426 Fac
1071 392 1135 423 tm's
1159 391 1275 432 gaudia

977 440 1024 473 Et
1046 439 1130 472 dona
1153 448 1212 480 per
1232 438 1359 470 saecula

983 490 1095 519 sancta
1113 486 1319 518 tabernacula

979 537 1012 566 et
1035 537 1174 567 aeterna.

898 591 956 625 9b.
977 591 1051 624 Tibi
1083 591 1203 631 placita

979 640 1075 678 atque
1098 640 1240 677 accepta,

975 684 1158 717 firmissima

980 735 1095 765 cuncta
1114 740 1173 772 per
1197 731 1313 763 saecla.

872 788 956 822 iob.
978 789 1063 829 Tibi,
1087 788 1231 828 Domine,

978 845 1062 868 nunc
1092 839 1124 867 et
1147 843 1272 875 semper

980 887 1012 915 et
1035 892 1094 923 per
1118 881 1243 915 infinita

979 931 1176 963 saeculorum
1199 929 1314 962 saecla.

643 988 698 1020 11.
725 987 828 1019 Amen
853 987 959 1019 omnia

724 1035 925 1074 proclamant
948 1035 1075 1074 agmina

724 1090 802 1113 voce
823 1082 959 1115 excelsa.

259 1168 347 1203 Trop.
380 1176 433 1195 ms.
461 1166 769 1203 Sammaglorianum?
798 1174 875 1194 saec.
907 1165 941 1193 11
973 1168 1003 1193 et
1028 1161 1071 1193 12.
1100 1165 1169 1193 Cod.
1195 1166 1353 1193 Parisiens.
1384 1163 1419 1193 13
1430 1162 1498 1192 252.

179 1206 215 1233 A.
242 1222 279 1225 —
307 1206 395 1242 Trop.
422 1214 476 1233 ms.
504 1205 533 1233 S.
558 1204 705 1241 Ebrulphi
730 1212 807 1232 saec.
838 1202 881 1231 12.
902 1203 972 1231 Cod.
992 1205 1153 1232 Parisiens.
1182 1203 1218 1232 10
1230 1201 1294 1231 508.
1323 1204 1379 1230 mit
1397 1203 1495 1231 Noten

180 1244 214 1271 B.
235 1258 272 1263 —
292 1242 351 1279 4a,
374 1243 388 1271 1
419 1246 449 1271 et
473 1245 569 1271 rector
587 1242 622 1270 A.
641 1257 677 1261 —
698 1242 754 1278 4b,
776 1240 794 1269 2
814 1242 886 1270 Plus
907 1251 966 1269 von
987 1241 1067 1270 einer
1087 1241 1177 1269 silbe.
1199 1256 1234 1260 —
1255 1240 1309 1276 6a,
1330 1239 1348 1268 3
1374 1241 1493 1269 laudum

179 1281 254 1309 fehlt
273 1282 349 1319 AB.;
378 1281 441 1309 dass
462 1290 493 1309 es
513 1291 551 1308 zu
573 1281 731 1316 erg'ainzen‚
756 1280 815 1316 vgl.
838 1280 925 1307 Anal.
946 1279 1044 1315 hymn.
1064 1280 1132 1308 VII.
1152 1280 1209 1307 No.
1228 1277 1283 1306 221
1305 1278 1361 1307 Str.
1382 1278 1435 1307 5a.
1455 1295 1494 1299 -—

180 1319 238 1356 62,
263 1319 278 1347 1
299 1314 482 1348 Uberschuss
509 1328 568 1347 von
595 1320 675 1346 einer
695 1318 785 1346 Silbe.
806 1333 844 1338 —
865 1317 923 1352 7a,
944 1316 962 1344 2
990 1318 1035 1345 sol
1062 1320 1092 1346 et
1109 1318 1182 1345 luna
1201 1318 1235 1345 B.
1251 1332 1289 1336 —
1309 1315 1366 1351 8a,
1385 1316 1400 1344 1
1421 1317 1498 1344 fehlt

178 1358 213 1386 A.
234 1374 273 1378 —
294 1357 366 1393 iob,
387 1356 405 1386 3
427 1360 457 1385 et
475 1357 549 1385 fehlt
566 1357 601 1384 A.

652 1482 718 1513 397.
758 1482 802 1513 De
821 1490 886 1512 una
904 1482 1026 1513 Electa.

176 1563 232 1597 la.
258 1563 437 1597 Jubilemus
461 1562 531 1603 regi
555 1562 635 1595 caeli

259 1612 423 1644 Ooncentu
449 1610 557 1643 devoti
580 1610 656 1641 meli

257 1658 302 1690 Et
325 1660 434 1691 ‚Iesum
461 1660 567 1689 mente
589 1656 679 1689 fideli

308 1705 532 1738 Collaudemus
554 1705 683 1748 Jugiter‚

175 1765 231 1796 2a.
257 1762 349 1794 Haec
372 1762 506 1802 insignis
529 1761 651 1801 pietate

256 1809 303 1843 Et
325 1808 449 1841 referta
474 1809 631 1840 charitate

257 1860 308 1891 Ac
330 1858 365 1889 in
388 1857 474 1889 omni
499 1856 669 1888 sanctitate

304 1905 369 1938 Hic
392 1904 474 1937 vixit
498 1904 669 1936 humiliter.

173 1966 230 1998 3a.
258 1963 363 2004 Signis
383 1961 474 1994 miris
501 1961 704 2001 corruscavit,

255 2012 380 2051 Aegros
405 2010 511 2042 varios
537 2009 671 2051 sanavit,

256 2058 386 2091 Claudis
412 2066 556 2098 gressum
580 2056 753 2098 reparavit,

304 2106 414 2139 Caecis
440 2105 543 2138 visum
565 2105 698 2145 pariter.

865 1561 924 1596 lb.
946 1561 1006 1601 Qui
1032 1561 1073 1593 de
1097 1560 1183 1594 valle
1206 1560 1354 1593 miseriae

947 1610 985 1642 In
1011 1608 1119 1649 patria
1141 1608 1284 1640 laetitiae

945 1657 1106 1688 Ancillam
1131 1665 1220 1688 suam
1243 1656 1340 1687 hodie

993 1703 1148 1736 Provexit
1170 1703 1363 1738 solemniter.

862 1761 921 1793 21).
943 1760 1035 1793 Haec
1057 1761 1211 1793 virtutum
1236 1760 1412 1803 operatrix,

942 1808 1116 1840 Salvatoris
1140 1808 1351 1848 impetratrix,

941 1855 1124 1896 Egenorum
1150 1855 1354 1896 consolatrix,

991 1903 1075 1943 Quos
1100 1901 1231 1934 fovebat
1256 1903 1404 1937 dulciter.

860 1960 918 1994 3b.
942 1960 1008 1993 Sed
1029 1960 1097 2000 J’am
1121 1959 1239 1992 sanctis
1263 1960 1393 2001 sociata,

941 2008 1043 2040 Manu
1067 2007 1186 2041 Christi
1212 2011 1399 2041 consecrat-a

942 2055 1074 2087 Visione
1096 2055 1166 2087 Deo
1191 2058 1283 2096 grata

990 2103 1145 2135 Laetatur
1170 2101 1317 2136 feliciter.

538 2163 571 2196 4.
597 2161 701 2202 Nunc,
727 2170 745 2193 o
769 2163 872 2193 mater
896 2160 1035 2200 pietatis,

597 2209 664 2242 Nos
686 2210 773 2249 juva,
798 2212 835 2240 ut
859 2218 878 2240 a
902 2208 1041 2248 peccatis

596 2257 742 2290 Liberati
767 2265 838 2289 cum
862 2256 965 2288 beatis

645 2305 823 2346 Regnemus
848 2304 1044 2345 perenniter.

247 2384 334 2413 Grad.
357 2393 411 2412 ms.
432 2382 642 2411 Strahoviense
662 2383 690 2409 H
710 2382 726 2409 Ι
745 2379 763 2408 2
784 2382 854 2409 anm*
876 2378 959 2409 1611.
978 2394 1016 2399 -
1035 2380 1120 2407 MeL:
1141 2379 1271 2408 Verbum
1290 2382 1411 2418 bonum3
1435 2382 1487 2410 dex·

169 2423 390 2452 Schlurschoral
410 2422 534 2450 dreimal
554 2421 733 2449 wiederholt.

224 2477 245 2500 D
252 2483 265 2499 r
270 2482 303 2499 ev
308 2482 321 2499 c
327 2482 339 2498 a
346 2493 352 2503 ,
368 2473 514 2503 sequentiae
527 2472 643 2496 Ineditae.
672 2472 705 2496 11.

1277 2465 1312 2496 19
