1653 2632
186 222 226 254 11

184 523 228 556 12

186 729 263 762 13a.

186 1221 234 1253 la

185 1392 244 1424 2a.

187 1560 244 1593 3a.

187 1732 245 1764 4a.

188 1902 243 1934 5a.

189 2072 245 2104 6a.

192 2287 247 2319 7a.

711 121 948 156 —96—

239 230 266 253 a.
292 219 450 252 Melliflua

290 268 439 301 melodia.

289 362 421 395 Plaudit
444 362 575 394 adstans
600 360 693 391 turba
726 402 732 411 ᾖ
753 381 762 387 .
780 348 789 354 ’
810 381 819 387 .

290 412 323 441 te
346 417 491 449 poscenS,
516 411 553 439 ut
578 409 691 439 cuncta

291 465 433 496 crimma,

237 531 266 554 a.
292 522 348 561 Ut,
374 522 427 561 qui
454 524 508 552 tua

288 577 367 601 voce
391 568 515 599 tinnula

289 614 373 647 festa
398 614 539 653 colimus,

289 662 428 702 praesul,
454 670 568 702 annua,

290 728 397 768 Atque
423 727 572 758 continua

291 775 396 807 cordis
420 774 553 806 laetitia.

865 218 906 250 11
916 217 950 250 b.
973 217 1069 248 Pater
1093 216 1186 256 alme,
1213 219 1319 256 tergas

972 271 1080 295 omnes
1105 263 1213 294 cordis
1238 263 1395 295 mundans

974 309 1115 341 maculas

970 403 1013 435 Et
1039 402 1165 436 veniam

970 450 1124 483 obtineas,

867 516 948 550 12b.
969 516 1127 556 Deposita

973 564 1078 595 carnis
1102 563 1230 595 sarcina

971 614 1075 642 tecum
1100 609 1245 641 fruamur

973 658 1042 698 jugi
1066 657 1169 698 gloria

868 724 951 758 131).
970 724 1180 756 Exsultantes
1204 732 1269 754 una

975 775 1080 803 tecum
1104 771 1138 803 in
1164 770 1267 811 gloria

609 840 663 872 14.
689 838 907 870 Jucundemur
931 837 965 869 in
989 837 1063 869 aula

691 885 772 917 coeli
795 885 905 917 lucida

687 941 746 973 per
770 933 908 966 saecula.

256 1020 313 1047 Mis
361 1028 409 1046 ms
437 1018 465 1046 S.
486 1017 613 1045 Amandi
634 1025 709 1045 saec.
732 1015 776 1044 14.
799 1015 867 1044 Cod.
888 1016 1047 1044 Parisiens.
1071 1013 1155 1043 1101.

608 1137 662 1169 118.
701 1137 745 1168 Dc
765 1137 871 1168 sancto
892 1136 1064 1168 Ambrosio.

239 1247 245 1253 .
271 1219 476 1251 Delectemur
501 1218 544 1251 ad
569 1216 696 1258 festiva,

268 1267 486 1299 Jucundemur
511 1266 553 1297 ad
577 1265 687 1297 votiva

315 1313 479 1346 Ambrosii
499 1312 652 1352 praemia,

270 1389 335 1421 Hic
360 1398 379 1420 a
402 1389 471 1421 Deo
497 1388 696 1427 praeelectus

267 1437 385 1469 Adhuc
408 1434 514 1467 infans
541 1438 590 1467 est
617 1437 809 1474 praeventus

315 1483 420 1515 Felici
445 1483 597 1522 auspicio,

270 1559 357 1591 Hinc
383 1559 518 1590 scientia
541 1558 684 1598 repletus

270 1606 388 1639 Consul
414 1607 519 1638 clarus
546 1608 595 1637 est
620 1605 748 1637 effectus

318 1654 447 1687 Cunctis
473 1653 754 1695 applaudentibus,

271 1731 362 1762 Intus
387 1730 504 1762 ardens
530 1730 673 1773 caritate,

267 1777 361 1809 Foris
386 1778 496 1809 lucens
521 1777 700 1819 honestate,

317 1824 422 1866 Signis
449 1829 479 1856 et
506 1824 629 1865 eloquio

269 1901 341 1933 Vim
366 1901 522 1933 malorum
546 1902 721 1941 superavit,

271 1948 381 1981 Saevis
405 1948 525 1980 morbis
548 1949 721 1988 imperavit

317 1995 387 2027 Nec
410 2004 474 2027 non
500 1998 530 2027 et
557 1996 774 2036 daemonibus,

272 2070 355 2102 Nam
371 2073 567 2114 peccantem,
586 2080 678 2111 quem
689 2072 814 2111 praeci-

591 2118 647 2160 dit,

271 2165 491 2197 Poenitentem
515 2174 589 2196 mox
613 2165 715 2196 univit

319 2213 498 2252 Augustum
524 2212 687 2252 ecclesiae,

273 2286 379 2326 HuJus
404 2286 470 2318 fide
495 2290 544 2318 est
569 2295 723 2319 conversa

271 2334 395 2365 Ariana
417 2342 494 2373 gens
518 2342 672 2373 perversa

321 2380 432 2412 Totius
457 2381 582 2420 Italiae,

867 1216 925 1250 lb.
947 1216 1002 1249 Sic
1025 1219 1172 1248 versetur
1193 1217 1264 1248 laus
1289 1216 1323 1248 in
1348 1225 1412 1258 ore,

946 1264 997 1296 Ne
1020 1263 1188 1296 fraudetur
1214 1273 1270 1295 cor
1296 1264 1436 1304 dulcore,

997 1311 1063 1350 Quo
1091 1312 1238 1352 degustet
1261 1311 1389 1351 gaudia.

868 1387 927 1420 ab.
948 1387 1033 1419 Nam
1056 1387 1090 1419 in
1117 1387 1204 1420 cunis
1231 1387 1306 1419 dum
1323 1386 1491 1427 recumbit,

950 1434 1030 1475 Ejus
1057 1435 1173 1475 dogma
1195 1434 1419 1475 praeostendit

998 1482 1106 1522 Apum
1131 1481 1358 1523 frequentatio.

871 1558 929 1592 3b.
953 1558 1018 1590 Sed
1043 1567 1063 1590 a
1088 1557 1214 1590 Christo
1242 1558 1426 1598 designatus

952 1605 1088 1638 Praesul
1112 1605 1213 1639 bonus
1238 1608 1288 1637 est
1315 1606 1450 1638 donatus

1001 1653 1309 1686 Mediolanensibus.

870 1729 928 1764 4b.
949 1730 1121 1762 Errantem
1144 1729 1272 1769 plebem
1294 1727 1453 1769 perfidam

954 1777 1080 1810 Christo
1105 1777 1253 1809 reddidit
1278 1777 1426 1809 devotam

1002 1825 1077 1857 Non
1101 1824 1223 1865 absque
1248 1824 1406 1865 prodigio.

874 1901 931 1935 5b.
955 1901 1020 1934 Sed
1044 1901 1094 1934 vir
1117 1903 1228 1933 tantae
1251 1900 1421 1940 potestatis

955 1949 1030 1981 Non
1052 1949 1185 1980 minoris
1210 1948 1342 1988 pietatis

1002 1996 1086 2028 Erat
1106 1996 1355 2036 poenitentibus.

874 2072 933 2105 6b.
955 2072 1081 2111 Lapsus
1106 2081 1180 2104 suos
1206 2071 1395 2104 confitentes

957 2165 1031 2197 Pios
1055 2166 1167 2200 reddit
1192 2175 1230 2198 ac
1253 2165 1392 2198 fidentes

1004 2213 1148 2245 Hortans
1172 2214 1215 2245 ad
1240 2222 1331 2253 spem
1355 2215 1478 2248 veniae.

875 2288 936 2321 7b.
958 2288 1063 2327 Hujus
1089 2288 1219 2327 scriptis
1243 2288 1435 2334 illustratur,

957 2335 1126 2368 Illustrata
1150 2334 1308 2366 solidatur

1003 2382 1120 2414 Unitas
1146 2381 1311 2414 ecclesiae.
