1653 2632
694 142 950 178 —145—

192 228 248 261 5a.
275 227 362 270 Ergo
388 232 508 264 relictis
534 234 678 268 omnibus

273 275 346 309 Jam
372 280 476 311 carnis
502 282 591 314 exsul
616 283 739 316 actibus

319 324 456 358 Exsulat
479 337 499 360 a
522 330 629 369 patria

189 380 244 413 6a.
273 380 351 413 Cum
376 391 514 423 gemmas
539 395 615 419 auro
633 386 788 430 foederat,

272 429 443 462 Materiam
469 438 641 473 exsuperat

319 476 433 516 Operis
457 479 625 521 industria,

189 531 244 563 7a.
270 531 410 572 Replens
435 536 530 567 melle
559 538 788 577 scripturarum

270 579 378 612 Instar
402 591 497 622 apum
521 585 727 624 mysticarum

315 627 435 660 Mentis
464 630 614 674 alvearia,

184 682 240 715 Sa.
268 683 412 723 Pupillos
438 688 533 726 atque
557 688 670 721 viduas

266 729 435 771 Nunquam
452 735 649 768 remmittens
670 746 785 771 vacuas

312 778 343 810 A
366 787 424 812 sua
448 784 632 820 praesentia

183 832 238 865 9a.
266 834 329 867 Per
353 835 438 869 hunc
462 846 557 879 aeger
581 842 764 885 sospitatur,

262 881 416 915 Esuriens
445 886 531 917 redit
555 890 643 919 satur

310 929 417 971 Larga
440 936 551 972 pastus
577 936 677 976 copia,

263 984 412 1018 Exanimi
439 990 587 1022 cadaveri

260 1032 351 1065 Idem
376 1038 469 1067 natus
493 1038 602 1070 miseri

310 1081 404 1113 Vitae
427 1084 537 1116 reddit
560 1086 671 1125 spolia.

265 1136 461 1172 Constitutus
485 1150 581 1180 super
605 1146 713 1183 gentes

260 1184 353 1225 Arat‚
381 1185 464 1219 fodit
487 1189 591 1227 plebis
616 1193 747 1234 mentes,

261 1231 383 1271 Vepres
409 1235 502 1277 tollit,
531 1237 622 1269 vellit
646 1241 751 1271 sentes

303 1279 350 1311 Et
373 1289 515 1322 quaeque
540 1285 671 1317 sterilia.

257 1335 309 1367 Ex
333 1337 494 1369 lucrorum
518 1340 586 1372 zelo
612 1342 667 1373 tali

255 1383 339 1415 Cura
364 1382 491 1417 fervens
515 1389 670 1426 pastorali

253 1430 361 1463 Imbre
385 1432 469 1472 rigat
492 1434 630 1473 spiritali

301 1477 451 1511 Cordium
475 1482 602 1514 novalia

157 984 236 1018 lOa.

156 1135 236 1168 lla.

152 1334 230 1367 l2a.

146 1532 188 1567 13
196 1543 223 1566 a.
252 1535 367 1568 Verbis
393 1537 458 1569 suis
483 1538 641 1572 mellifluis

250 1582 420 1624 Nunquam
445 1594 465 1617 a
488 1584 594 1621 fructu
619 1589 726 1621 vacuis

248 1632 279 1661 A
305 1631 436 1664 culturis
461 1633 619 1666 idolorum

247 1677 293 1709 Et
316 1677 472 1712 fermento
497 1690 692 1722 paganorum

295 1725 462 1759 Liberavit
486 1729 584 1762 milia.

876 240 935 274 51).
956 241 1001 273 Et
1023 251 1097 274 mox
1122 244 1163 275 ad
1187 253 1265 284 opus
1289 255 1439 279 manuum

958 288 1123 321 Neminem
1147 300 1247 331 aeque
1271 296 1433 327 strenuum

1002 336 1087 369 Sella
1110 338 1226 377 probat
1249 341 1345 381 regia.

874 391 931 424 6b.
955 392 1094 433 Cumque
1117 404 1227 428 manus
1252 400 1403 437 operatur

954 439 1106 473 Lectione
1132 444 1293 484 saginatur

1003 488 1067 521 Otii
1091 498 1179 522 mens
1204 492 1321 524 nescia.

872 543 929 576 712.
951 545 1042 584 Quod
1066 547 1238 580 mandabat
1261 549 1364 590 litera,

952 591 1032 632 Ejus
1058 594 1169 633 implet
1192 604 1289 635 opera

998 639 1114 673 Sancta
1140 642 1312 683 diligentia.

869 693 927 727 8b.
950 695 995 727 Et
1019 698 1120 730 nudos
1146 701 1178 730 et
1201 700 1232 731 in
1259 709 1387 733 carcere

949 742 1056 783 Duplo
1081 746 1254 785 gaudentes
1278 757 1409 781 munere

983 790 1132 824 Redeunt
1155 794 1196 826 ad
1220 796 1360 835 propria.

866 844 925 877 9b.
952 846 1053 886 Caeci,
1079 850 1195 890 claudi,
1221 852 1320 891 surdi,
1345 854 1423 885 muti

946 893 1169 928 Restituuntur
1193 898 1297 939 soluti,

993 941 1130 975 Sanatur
1154 945 1287 977 insania.

840 996 922 1030 1012.
949 997 1041 1030 Felix
1068 999 1135 1032 dies
1161 1001 1326 1043 Noviomo‚

946 1044 1013 1084 Qua
1037 1045 1073 1077 fit
1099 1048 1165 1087 ejus
1191 1051 1296 1081 tantus
1321 1051 1414 1084 homo

1015 1093 1147 1126 Praesul
1172 1104 1210 1127 ac
1234 1098 1386 1131 custodia.

837 1147 921 1179 11b.
941 1149 1112 1191 Aedificat,
1138 1152 1272 1195 plantat,
1299 1155 1387 1196 serit,

942 1195 1022 1228 Rem
1048 1199 1149 1230 coloni
1175 1202 1258 1232 sacri
1282 1203 1363 1242 gerit

942 1242 985 1274 Et
993 1253 1066 1284 non,
1083 1254 1163 1285 quae
1171 1256 1229 1279 sua
1237 1253 1320 1290 sunt,
1335 1251 1461 1289 quaerit

1011 1289 1078 1326 Sed
1105 1294 1194 1326 lucra
1219 1296 1377 1330 coelestia,

834 1345 915 1379 12b.
940 1346 1195 1390 Corruscansque
1217 1353 1378 1386 miraculis

938 1395 1096 1428 Inauditis
1122 1406 1142 1429 a
1166 1400 1302 1431 saeculis

936 1442 1041 1475 Multa
1065 1443 1144 1476 facit
1166 1446 1199 1478 in
1223 1448 1351 1486 populis

985 1489 1082 1531 Signa
1106 1496 1137 1524 et
1160 1495 1316 1534 prodigia.

831 1544 911 1578 13b.
934 1545 1057 1579 Harum
1083 1547 1203 1582 fractus
1228 1551 1324 1585 lucris
1349 1563 1456 1587 rerum

935 1593 1004 1626 Deo
1029 1596 1141 1635 plenus
1168 1601 1200 1630 et
1225 1599 1347 1633 dierum

936 1641 1047 1674 Carnis
1074 1648 1185 1677 exutus
1212 1647 1380 1688 chlamyde

934 1688 973 1721 Iu
998 1688 1103 1724 forma
1126 1693 1261 1732 spherae
1285 1695 1413 1730 lucidae

982 1736 1070 1769 Coeli
1092 1739 1179 1771 subit
1200 1743 1325 1781 gaudia.

215 1789 299 1817 Miss.
319 1799 372 1818 ms.
395 1791 625 1828 Compendiense
647 1803 721 1823 saec.
744 1795 787 1825 14.
806 1798 875 1827 Cod.
888 1799 1047 1830 Parisiens.
1073 1802 1177 1832 17318.
1199 1822 1236 1827 —
1256 1807 1314 1835 Mit
1326 1809 1395 1837 Mol.
1408 1822 1448 1833 =

139 1825 256 1854 Laudes
277 1829 380 1855 crucis.

559 1923 614 1955 191.
654 1925 698 1957 De
719 1928 831 1960 sancta
850 1928 1026 1962 Elisabeth.

139 1988 198 2022 la.
226 1989 251 2022 Ο
276 1989 445 2024 Elisabeth
470 1994 590 2035 regina,

221 2037 303 2070 Tota
327 2042 433 2071 mente
456 2041 643 2078 columbina.

221 2084 363 2119 Caritate
387 2088 478 2128 reple
503 2089 578 2122 bina

265 2133 387 2166 Mentis
412 2139 542 2169 nostrae
564 2139 657 2171 atria.

135 2200 191 2234 Za.
218 2199 396 2233 Sanctitate
420 2212 482 2234 non
509 2205 636 2246 pusilla,

216 2248 366 2288 Quamvis
391 2259 569 2291 pauperum
593 2255 713 2288 ancilla

214 2296 299 2329 Vere
324 2300 427 2330 mater
451 2302 486 2330 tu
511 2308 544 2332 es
568 2300 634 2345 illa,

262 2345 330 2385 Qua
354 2346 457 2386 polles
481 2356 520 2379 ex
544 2349 656 2389 gratia.

187 2403 312 2431 Brevem
327 2405 472 2433 sequentiae
486 2406 600 2432 Ineditao.
630 2408 660 2432 11.

825 1999 883 2033 lb.
904 2001 1130 2042 Paupertatem
1156 2006 1288 2049 elegisti,

903 2048 1048 2089 Regnum
1070 2054 1181 2086 mundi
1207 2059 1434 2101 contempsisti,

906 2097 968 2129 Pro
994 2107 1054 2138 quo
1080 2109 1209 2141 regnum
1232 2105 1254 2137 J
1256 2113 1311 2137 esu
1329 2106 1448 2140 Christi

952 2146 1102 2180 Possides
1126 2158 1197 2181 cum
1221 2152 1331 2192 gloria.

821 2210 880 2245 2b.
904 2210 1094 2246 Suscitatrix
1115 2220 1321 2261 mortuorum,

902 2259 1103 2294 Consolatrix
1126 2264 1324 2309 miserorum,

902 2306 1004 2341 Caeco
1028 2312 1104 2343 nato
1129 2313 1289 2347 oculorum

950 2355 1070 2390 Lumen
1096 2359 1152 2392 das
1176 2364 1327 2403 propitia.

1236 2418 1271 2448 10
