1653 2632
618 209 682 241 387.
725 209 769 241 De
789 218 830 241 ss.
851 209 1054 248 Martyribus.

183 280 236 313 la.
259 281 345 312 Ante
369 281 515 312 thronum
539 279 713 333 majestatis

261 326 345 359 Laus
373 328 498 359 divinae
522 330 689 367 potestatis

306 374 500 407 Decantatur
523 375 627 414 hodie,

180 442 236 473 2a.
262 441 307 473 Hi
329 443 403 472 sunt
425 450 521 480 regna
546 441 597 480 qui
622 441 767 472 vicerunt

258 487 301 519 Et
326 488 368 519 ad
393 488 489 519 vitam
509 490 691 519 meruerunt

301 535 431 574 Ingredi
453 535 617 575 martyrio,

176 601 231 632 3a.
256 600 298 632 Hi
320 602 391 631 sunt
416 608 491 632 vere
517 600 634 633 Christi
659 603 766 641 testes,

254 647 313 686 Qui
337 647 484 679 tollentes
509 656 581 679 suas
605 650 709 679 vestes

301 694 549 726 Prorternebant
571 696 604 726 in
629 695 689 734 via,

171 760 232 791 4a.
254 759 293 791 In
319 760 461 791 cavernis
487 761 673 801 conversati,

250 805 333 837 Fide
356 806 484 838 stabant
507 807 648 839 roborati

297 853 394 885 Ducti
420 863 525 886 coram
550 855 687 896 regibus,

168 919 223 951 5a.
249 919 325 958 Igne
348 923 419 950 suut
445 921 615 952 examinati

252 965 339 997 Sicut
363 976 482 1007 aurum,
509 968 645 1007 lapidati

295 1013 390 1053 Secti,
417 1015 499 1046 caesi
523 1016 640 1055 gladio,

166 1079 223 1110 6a.
251 1078 384 1110 Fontem
407 1080 512 1112 vivum
537 1081 687 1113 sitiebant

246 1125 434 1167 Degustare‚
461 1128 518 1159 sed
542 1128 694 1160 bibebant

290 1172 340 1204 De
364 1176 505 1206 torrente
528 1175 562 1206 in
586 1176 656 1217 via;

162 1238 219 1268 71³..
248 1237 404 1270 Christum
430 1240 541 1272 ducem
566 1242 736 1281 elegerunt,

247 1284 364 1317 Christi
390 1295 513 1318 crucem
538 1289 733 1320 sustulerunt

292 1332 355 1364 Sed
378 1342 442 1365 non
466 1335 499 1365 in
525 1336 673 1377 angaria3

161 1398 216 1431 8a.
243 1398 379 1435 Christe,
406 1400 494 1431 sidus
519 1401 667 1441 salutare,

241 1445 300 1484 Qui
323 1446 439 1477 dedisti
462 1447 661 1487 triumphare

287 1492 449 1532 Martyres
478 1495 520 1526 ad
544 1495 685 1535 gloriam,

860 279 917 311 lb.
941 279 1038 311 Stolis
1064 279 1146 312 albis
1173 283 1206 312 et
1230 282 1354 313 coronis

939 326 1050 358 Testes
1076 327 1195 361 Christi
1216 329 1372 368 passionis

986 374 1099 406 Testes
1124 379 1198 407 sunt
1223 378 1253 407 et
1278 376 1408 417 gloriae.

857 439 914 472 2b.
938 439 998 472 His
1024 443 1072 472 est
1094 442 1175 473 mori
1199 443 1407 486 triumphare,

936 487 1042 519 Vitam
1066 491 1168 520 morte
1193 494 1385 524 commutare

981 534 1083 567 Felici
1110 538 1305 571 commercio.

854 600 912 634 3b.
934 601 973 633 In
1003 602 1135 634 excelsis
1160 603 1304 648 laureati,

934 649 970 681 In
997 650 1131 681 terrenis
1156 651 1273 684 imitati

981 696 1099 728 Christi
1122 701 1196 730 sunt
1219 701 1361 741 vestigia.

850 761 908 796 4b.
929 762 1161 796 Blandimentis
1186 768 1280 806 atque
1300 768 1393 799 minis

932 811 970 842 In
994 811 1119 843 melotis
1145 815 1177 843 et
1202 814 1340 853 caprinis

977 857 1181 890 Resistebant
1203 861 1350 900 pellibus.

848 922 905 956 5b.
929 923 1064 955 Stabant
1087 923 1186 957 fortes
1210 927 1244 957 in
1269 936 1378 968 agone,

930 970 1015 1003 Certi
1041 972 1080 1003 de
1104 973 1314 1012 promissione
1348 981 1361 991 ⁹

977 1017 1153 1051 Currebant
1176 1021 1210 1052 in
1238 1022 1352 1055 stadio.

845 1083 902 1117 6b.
922 1083 1047 1116 Merces
1074 1085 1168 1117 datur
1194 1088 1330 1128 copiosa,

926 1130 1063 1169 Quorum
1087 1142 1172 1165 mors
1198 1138 1245 1166 est
1266 1137 1408 1174 pretiosa

971 1179 1009 1210 In
1031 1180 1092 1212 Dei
1115 1183 1307 1220 praesentia.

843 1243 899 1276 7b.
921 1244 1113 1285 Margaritas
1137 1248 1294 1287 pretiosas

922 1292 1115 1324 Invenerunt
1140 1297 1172 1325 et
1193 1295 1227 1326 in
1245 1305 1335 1328 rosas

969 1339 1199 1373 Converterunt
1222 1343 1301 1376 lilia.

839 1403 896 1437 8b.
919 1405 956 1437 In
981 1407 1124 1444 procella
1146 1406 1335 1442 fluctuantes

920 1452 1093 1484 Pervenire
1117 1452 1170 1485 fac
1192 1456 1347 1488 laetantes

968 1500 1003 1531 In
1032 1503 1211 1533 sanctorum
1236 1504 1384 1542 patriam.

233 1566 313 1594 Miss.
336 1576 389 1595 ms.
410 1568 620 1604 Hospitalense
642 1578 717 1597 saec·
739 1569 783 1599 15.
806 1571 874 1600 Cod.
896 1572 925 1600 S.
945 1573 1032 1601 Pauli
1052 1575 1090 1602 ad
1108 1576 1274 1605 Laventum
1292 1580 1411 1608 membr.
1433 1579 1460 1608 7.

160 1604 195 1630 A.
215 1620 251 1624 ——
271 1605 354 1632 Miss.
374 1614 426 1632 ms.
442 1605 694 1644 Stubenbergense
713 1617 789 1636 saec.
812 1608 856 1637 14.
874 1610 942 1639 Cod.
958 1612 1111 1641 Graecens.
1133 1612 1197 1642 281.
1213 1616 1245 1643 B.
1267 1629 1297 1635 —
1309 1617 1392 1645 Miss.
1406 1627 1460 1647 ms.

160 1643 190 1669 S.
212 1642 341 1669 Floriani
360 1644 404 1671 XI
429 1641 493 1672 394.
519 1653 594 1672 saec.
623 1644 666 1673 14.
690 1646 721 1673 C.
742 1663 778 1667 ›—
798 1648 880 1676 Miss.
906 1658 959 1677 ms.
981 1659 1055 1678 saec.
1080 1649 1153 1679 1³l14.
1174 1653 1235 1681 bib.
1254 1654 1419 1683 Rossianae
1438 1666 1461 1684 s.

160 1681 235 1715 sign.
260 1681 296 1707 D.
322 1695 359 1699 --
385 1682 432 1709 De
460 1691 482 1709 s.
508 1682 671 1719 Hippolyto
701 1687 730 1712 et
756 1694 814 1713 soc.
840 1687 890 1720 A.;
923 1687 958 1714 de
985 1697 1006 1715 s.
1035 1688 1208 1718 Sebastiano
1236 1694 1270 1719 et
1298 1693 1462 1722 aliorum

164 1722 367 1753 martyrum
385 1719 432 1755 B.;
453 1720 499 1747 De
518 1729 556 1748 ss.
577 1721 712 1750 Johanne
732 1725 762 1750 et
779 1724 872 1752 Paulo
895 1725 938 1760 C.;
960 1725 996 1753 de
1015 1735 1038 1754 s.
1059 1727 1202 1763 Dionysio
1224 1732 1254 1757 et
1272 1739 1331 1758 soc.
1352 1732 1390 1759 D.

521 1830 588 1863 388.
628 1832 671 1864 De
691 1833 838 1866 Pontifice
859 1836 891 1867 et
912 1835 1099 1869 confessore.

158 1898 213 1931 Ia.
238 1898 302 1930 Hic
326 1900 424 1931 oculis
449 1909 487 1933 ao
512 1902 656 1935 manibus

236 1945 274 1977 In
301 1947 421 1978 coelum
447 1951 478 1979 et
500 1949 575 1981 totis
599 1950 720 1984 viribus

284 1994 461 2033 Suspensus

234 2039 376 2072 Terrena
402 2045 515 2074 cuncta
538 2044 669 2084 respuit.

153 2106 209 2137 2a.
235 2106 337 2145 Igitur
361 2109 394 2138 te
418 2109 522 2140 cuncti

282 2154 439 2192 poscimus
465 2156 539 2196 ΗΝ,

234 2198 279 2231 Ut
303 2201 356 2239 qui
379 2202 479 2234 multa
501 2204 583 2235 mira

282 2246 335 2277 hic
358 2250 534 2291 ostendisti,

836 1906 894 1939 Ib.
916 1907 996 1947 Ejus
1021 1909 1070 1940 ori
1091 1919 1251 1950 nunquam
1278 1911 1420 1948 Christus

916 1953 1032 1986 Abfuit
1057 1956 1125 1988 sive
1141 1958 1276 1999 justitia,

962 2003 1023 2034 Vel
1047 2004 1202 2044 quidquid

915 2049 970 2081 Ad
994 2058 1102 2082 veram
1125 2052 1223 2086 vitam
1248 2057 1398 2094 pertinet.

834 2113 892 2146 2b.
915 2114 1020 2147 Etiam
1048 2116 1088 2148 de
1114 2119 1200 2151 coelo

962 2164 1096 2202 gratiam
1123 2166 1241 2198 Christi

914 2209 1016 2242 Nobis
1049 2213 1230 2252 supplicatu

961 2266 1086 2298 semper
1109 2259 1269 2294 infundas.

225 2319 308 2347 Miss.
330 2329 382 2348 ms.
396 2322 542 2359 Pragense
561 2325 632 2353 XIV
644 2326 669 2354 A
688 2325 706 2355 3
730 2336 804 2356 saec.
820 2327 864 2356 14.
877 2330 913 2357 A.
928 2345 964 2349 —
976 2332 1059 2360 Miss.
1075 2343 1129 2362 ms.
1145 2335 1239 2371 Capit.
1254 2336 1456 2368 olomucensis

154 2354 209 2384 134
227 2365 302 2385 saec.
324 2357 368 2386 14.
388 2360 420 2387 B.
