1653 2632
693 99 950 135 —264—

617 189 680 221 362.
720 191 764 222 Do
783 192 889 223 sancto
913 192 1048 225 Victore.

183 267 239 301 la.
266 267 290 300 O
315 267 409 300 beata
432 268 595 300 beatorum

306 315 486 355 Martyrum
507 317 669 358 memoria,

863 271 920 304 111.
944 272 1035 304 Intra
1051 282 1180 313 quorum
1199 275 1347 314 splendet
1359 277 1489 311 chorum

992 320 1130 352 Victoris
1155 322 1300 357 victoria.

182 372 237 403 2a.
265 371 323 409 Qui
341 375 414 411 post
427 376 561 404 mortem
575 373 608 405 in
627 376 804 405 consortem
861 375 919 410 2b.
939 376 1000 408 Est
1024 386 1044 409 a
1067 377 1137 409 Deo
1164 387 1234 410 cum
1258 380 1411 420 trophaeo

311 418 462 451 Coelestis
486 421 619 452 militiae

180 475 236 507 3a.
263 474 326 506 Hic
350 475 484 515 benigne
507 476 575 509 Deo
602 477 696 517 digne

308 521 441 562 Legioni
464 522 615 564 praefuit,

176 578 234 611 4a.
259 578 409 610 Reddens
435 580 503 619 regi
527 589 594 617 sua,
616 581 680 620 legi

301 625 361 657 Dei
386 626 540 666 quidquid
567 628 685 664 debuit,

178 683 233 714 5a.
260 681 318 720 Qui
345 681 419 714 dum
443 692 522 716 sana
543 683 608 716 fide
631 694 715 717 vana

303 729 397 762 Idola
426 730 615 770 despiciunt,

253 776 386 816 Poenas,
411 782 529 809 mortes
553 778 671 811 Christi
700 778 798 812 fortes

301 823 433 856 Tirones
458 826 644 865 suscipiunt.

175 879 232 911 6a.
256 879 343 920 Ergo
369 881 487 913 Christi
512 882 702 915 cohaeredes

301 928 392 960 Facti
415 929 451 959 in
477 930 674 970 coelestibus,

175 983 228 1015 Va.
257 983 376 1015 Christi
399 986 499 1024 testis,
525 987 637 1018 Victor
661 986 763 1026 fortis,

299 1031 367 1063 Fac
390 1035 462 1071 post
486 1034 671 1066 transitoria

989 425 1181 464 Assumptus
1206 426 1358 460 laetitiae.

860 479 916 512 3b.
942 478 1060 512 Christi
1083 480 1178 513 fidem
1198 483 1309 515 doctus
1333 485 1458 524 pridem

989 527 1124 560 Servare
1148 533 1184 560 ut
1209 530 1324 564 decuit.

858 582 917 616 4b.
941 584 1134 617 consodales
1160 594 1229 618 esse
1252 588 1333 619 tales

987 631 1071 671 Vita,
1098 633 1195 665 verbo
1222 634 1339 668 docuit.

858 684 916 717 510.
932 686 1090 720 Christum
1105 690 1215 722 ducem
1227 691 1344 723 Christi
1357 702 1482 726 crucem

987 736 1151 769 Imitantes
1175 737 1352 780 perferunt,

937 782 980 814 Se
1000 786 1164 824 mactatos,
1193 794 1310 826 caesos,
1336 790 1453 820 stratos

983 829 1212 863 Holocaustum
1238 833 1381 868 offerunt.

856 884 914 919 6b.
937 886 1085 926 Regnant
1104 888 1168 930 isti,
1200 898 1351 928 praesens
1385 893 1480 924 aedes

987 933 1124 972 Quorum
1149 937 1249 968 servit
1273 937 1430 971 laudibus.

856 990 874 1021 7
882 989 911 1022 b.
932 990 971 1022 In
997 991 1142 1023 coelestis
1163 1001 1222 1024 nos
1248 994 1385 1026 cohortis

982 1037 1137 1070 Exultare
1161 1040 1271 1079 gloria.

248 1124 330 1151 Miss.
351 1134 404 1153 ms.
424 1125 583 1154 Sanctense
604 1136 627 1155 s.
648 1129 722 1163 sign.
743 1137 818 1156 saec.
841 1127 885 1157 15.
905 1144 944 1149 -
963 1130 1013 1164 421,
1036 1130 1051 1158 1
1073 1140 1144 1160 suae
1162 1133 1216 1160 Hs.

539 1273 604 1304 363.
623 1273 660 1305 In
679 1275 899 1307 Translatione
919 1285 942 1308 s.
963 1277 1109 1311 Victoris.

194 1351 249 1383 la.
275 1349 398 1383 Psallat
418 1352 509 1391 plebs
535 1356 565 1384 et
592 1354 669 1385 cleri
699 1355 787 1394 ordo,

271 1399 393 1431 Psallat
416 1400 537 1439 plectro
564 1401 761 1434 decachordo

319 1445 430 1477 Cordis
455 1455 524 1478 eum
549 1447 680 1488 laetitia,

202 1503 257 1534 2a.
272 1501 323 1532 Ab
349 1505 497 1534 externae
520 1504 656 1544 regionis

267 1548 463 1589 Finibusque
487 1550 661 1583 Pharaonis

317 1596 407 1628 Uber
430 1596 491 1628 Dei
514 1598 617 1638 gratia

188 1653 245 1685 32.
270 1653 367 1692 Quem
391 1662 483 1685 sacra
505 1663 574 1686 cum
598 1656 721 1695 legione

272 1699 415 1732 Christus
439 1701 661 1734 benedictione

314 1748 483 1780 Praevenit
509 1750 695 1792 dulcedinis,

186 1804 242 1836 4a.
267 1803 330 1835 Hic
355 1805 472 1837 virtute
494 1807 579 1838 trina
600 1806 698 1839 fultus

273 1852 419 1884 Summae
441 1854 594 1886 trinitatis
620 1855 722 1887 cultus

313 1899 524 1932 Inardescens
549 1902 654 1934 studio

185 1955 243 1987 5a.
269 1955 392 1987 Bonum
417 1960 575 1990 certamen
601 1959 743 1998 certavit,

268 2002 401 2035 Cursum
423 2004 505 2036 bene
530 2007 757 2038 consummavit

312 2051 352 2082 In
374 2051 436 2083 hoc
459 2053 544 2084 vitae
568 2054 687 2094 stadi03

185 2106 238 2138 6a.
264 2106 328 2138 Hic
349 2106 413 2139 fert
436 2109 557 2149 Moysis
581 2109 725 2151 figuram,

267 2153 352 2186 Dum
375 2164 434 2195 per
457 2157 637 2196 passionem
660 2158 771 2190 duram

310 2201 454 2234 Rubrum
476 2203 565 2235 snare
587 2205 733 2245 transiit3

185 2257 239 2289 7a.
265 2257 329 2288 Hic
352 2257 416 2290 fert
440 2259 537 2292 Josue
562 2261 709 2293 ducatum

261 2304 389 2336 Ducens
413 2315 523 2346 agmen
547 2308 615 2341 Deo
648 2312 782 2350 gratum,

310 2352 486 2385 Bellatores
514 2358 676 2397 strenuos;

871 1356 930 1390 ib.
955 1355 1081 1390 Christo
1106 1361 1174 1400 regi
1198 1361 1269 1393 laus
1296 1366 1450 1404 cantetur,

952 1405 1071 1438 Christi
1095 1407 1205 1439 militis
1231 1409 1390 1442 laudetur.

997 1453 1135 1485 Victoris
1159 1455 1302 1488 victoria.

869 1507 927 1540 ab.
950 1508 1044 1540 Hunc
1067 1513 1236 1549 patronum
1263 1513 1442 1553 destinavit,

948 1555 1231 1589 Huncthesaurum
1239 1562 1472 1595 commendavit

995 1603 1097 1635 Nobis
1123 1604 1165 1637 ad
1189 1606 1312 1639 solatia.

869 1658 926 1691 312.
949 1659 1032 1691 Fide
1051 1660 1152 1703 firma,
1179 1671 1236 1702 spe
1261 1664 1397 1705 sincera,

947 1707 1095 1740 Firmans
1121 1710 1254 1742 caritate
1273 1720 1350 1744 vera

997 1755 1125 1787 Turrim
1150 1755 1359 1792 fortitudinis.

868 1810 927 1844 4b.
948 1811 1063 1845 Victor
1078 1814 1181 1846 trinus
1198 1814 1321 1848 hostem
1338 1817 1470 1851 stravit:

949 1859 1106 1892 Mundum
1128 1863 1259 1903 sprevit,
1285 1873 1320 1895 se
1344 1866 1473 1906 negavit

999 1906 1134 1940 Carnem
1158 1918 1274 1942 necans
1302 1912 1386 1945 vitio.

868 1962 927 1996 5b.
952 1963 1050 2002 Quem
1077 1965 1208 1998 decorat
1231 1968 1417 2007 laureatum,

948 2011 1045 2050 Quem
1062 2013 1197 2045 honorat
1218 2015 1303 2047 hunc
1321 2017 1471 2051 donatum

997 2059 1142 2092 Christus
1165 2062 1251 2094 vitae
1274 2063 1396 2098 bravio,

866 2114 925 2146 6b.
947 2115 1092 2148 Rubrum
1114 2127 1203 2152 mare
1226 2121 1384 2159 passionis

949 2162 995 2195 Ob
1022 2167 1141 2196 terram
1164 2168 1384 2206 promissionis

992 2211 1094 2243 Israel
1117 2213 1181 2245 dux
1205 2215 1311 2249 subiit.

868 2265 925 2299 ¹7b.
947 2267 1030 2307 Quos
1056 2272 1127 2301 voto
1154 2273 1186 2302 et
1207 2272 1274 2304 vita
1296 2273 1369 2312 pari

948 2314 1074 2347 Gaudet
1098 2317 1159 2349 sibi
1184 2319 1297 2351 sociari

996 2362 1193 2406 Constantes,
1219 2367 1380 2401 innocuos
