1653 2632
197 214 253 246 3a.

193 366 250 397 4a.

194 517 251 549 5a.

190 666 245 701 6a.

190 819 245 850 7a.

185 971 242 1002 8a.

184 1121 240 1153 921.

159 1270 237 1303 lOa.

153 1420 233 1454 lla.

151 1620 229 1653 12a.

148 1772 228 1806 1321.

135 2337 212 2365 Illuc

715 129 949 165 —39-

281 214 306 247 O
321 224 415 255 quam
434 219 548 252 decens
562 222 799 257 tabernaculum

279 262 370 302 Quod
386 266 434 297 sol
447 275 540 300 verus
557 269 621 301 luci
636 272 800 310 speculum

324 310 413 344 Luce
438 315 566 354 replens
592 318 721 359 optima,

278 366 367 399 Intus
395 370 498 403 cultor
521 381 585 405 non
609 374 713 416 latuit,

276 413 456 449 Virtutibus
481 420 539 451 sed
564 422 668 460 patuit

323 461 365 494 Se
388 468 569 498 monstrans
596 468 717 501 deifice.

278 518 340 550 Illo
366 520 492 553 scholas
516 527 682 563 repetente

275 564 411 603 Quidam
435 568 540 601 laesus
566 580 585 602 a
610 576 759 612 serpente

321 613 421 646 Totus
446 618 571 648 tumens
596 620 746 661 cernitur,

273 668 332 701 Vir
356 674 505 711 arreptus
530 682 550 704 a
577 674 742 710 daemonio

275 715 386 748 Sancti
410 719 473 750 viri
497 722 674 759 patrocinio

315 763 421 796 Menti
444 775 542 799 sanae
567 769 723 809 redditur,

271 818 357 851 Dum
381 822 479 854 maris
503 824 579 856 litus
605 826 695 867 adiit,

268 866 384 899 Navim
410 869 521 902 videre
548 874 678 913 contigit

316 915 355 947 In
380 917 491 949 mortis
515 920 669 960 periculo,

269 970 365 1003 Plebs
391 976 556 1013 gratanter
579 977 727 1010 adoravit

264 1017 311 1049 Et
333 1019 368 1050 in
393 1021 467 1052 navi
491 1022 660 1055 collocavit

314 1065 467 1099 Sanctum
492 1069 561 1101 sine
584 1071 699 1111 pretio,

267 1120 456 1155 Theodorae
482 1124 684 1165 desperatam

269 1167 406 1201 Sanitati
430 1171 541 1204 reddit
564 1176 672 1205 natam

311 1215 473 1257 Receptus
498 1219 647 1263 hospitio,

267 1273 345 1304 Post
369 1274 510 1306 oblatum
534 1285 554 1307 a
577 1277 696 1316 populo

260 1318 456 1352 Defunctum
482 1323 592 1355 reddit
615 1325 742 1357 saeculo

306 1367 378 1399 Hoc
402 1369 589 1402 adscribens
616 1371 711 1409 socio,

259 1423 323 1455 Pro
348 1425 474 1457 nutrice
498 1427 685 1460 vulneratur

257 1470 303 1502 Et
325 1480 386 1511 per
409 1473 523 1505 vulnus
547 1475 598 1506 vir
622 1480 754 1510 vocatur

255 1517 301 1549 Et
325 1528 344 1550 a
369 1528 444 1560 rege
468 1522 668 1561 supplicatur

304 1566 384 1606 EJ'us
409 1569 597 1607 patrocinio.

256 1622 390 1657 Romam
415 1625 504 1656 venit
527 1626 712 1662 advocatus.

256 1670 450 1710 cypressino
475 1677 658 1708 muneratus

302 1718 384 1750 Inde
408 1719 518 1751 reddit
541 1722 632 1762 ostio,

255 1774 334 1806 Post
357 1777 449 1807 tanta
472 1775 628 1810 beneficia

252 1821 408 1861 Migravit
432 1822 474 1854 ad
501 1824 651 1857 coelestia

301 1867 419 1900 Sancto
445 1878 514 1901 cum
542 1872 697 1914 tripudio,

885 228 943 262 3b.

967 229 1076 262 Sancti
1100 230 1231 270 spiritus
1257 232 1437 265 aedificium

966 277 1116 310 Sanctum
1141 278 1243 310 effecit
1268 280 1437 320 Aegidium

1012 324 1124 357 colens
1151 326 1255 358 cordis
1279 327 1400 360 int-lma.

883 379 942 413 4b.
962 380 1064 412 Annis
1089 391 1224 422 namque
1248 383 1306 415 sub
1332 386 1449 418 teneris

879 530 938 564 5b.

878 680 935 713 6b.

875 832 931 864 7b.

870 981 927 1014 8b.

869 1132 927 1165 9b.

842 1281 924 1315 1012.

838 1433 919 1465 1112.

837 1632 918 1665 1210.

835 1781 916 1815 131).

962 428 1047 460 Puer
1070 429 1239 468 adjunctus
1264 431 1380 464 litteris

1006 475 1148 508 Profecit
1170 477 1349 513 immodice.

961 530 1027 571 Cui,
1055 532 1131 572 quid
1158 533 1221 574 det,
1254 543 1318 566 non
1342 535 1478 568 habente

959 579 1112 611 Tunicam
1138 580 1202 620 dat,
1229 590 1292 621 qua
1315 586 1447 622 repente

1005 626 1123 658 Tectus
1149 637 1242 659 sanus
1268 629 1426 663 redditur.

956 681 1135 722 Expectato
1160 683 1224 716 fine
1247 686 1353 724 patrio

958 728 1083 762 Christo
1109 731 1182 763 dato
1207 732 1398 771 patrimonio

1002 776 1131 817 Egenus
1155 780 1370 819 progreditur.

955 832 1017 865 Pro
1032 843 1093 873 qua
1109 835 1182 866 dum
1197 835 1355 868 Christum
1369 838 1472 879 petiit,

954 880 1053 913 Navis
1078 890 1150 913 mox
1175 882 1250 914 litus
1274 884 1354 915 adiit

1001 927 1070 960 Salx‘
1078 931 1131 960 ata
1157 937 1226 960 cum
1250 931 1379 970 populo.

951 982 995 1014 Et
1020 993 1097 1023 quos
1121 985 1220 1017 multo
1245 989 1434 1027 pererravit,

950 1030 1029 1062 Mox
1054 1032 1181 1063 eosdem
1207 1035 1403 1073 comparavit

997 1077 1130 1110 Fluctus
1156 1078 1246 1111 brevi
1270 1082 1385 1120 spatio.

948 1132 1082 1165 Terram
1106 1133 1191 1166 fame
1217 1136 1391 1168 desolatam

948 1179 1051 1212 Farre
1074 1180 1154 1213 facit
1177 1187 1342 1215 oneratam

999 1227 1132 1260 Junctus
1158 1229 1348 1263 Veredemio

947 1283 986 1315 In
1013 1284 1132 1316 deserti
1156 1285 1290 1318 latibulo

945 1331 1046 1363 Lacte
1070 1333 1213 1371 pascitur
1237 1334 1348 1367 sedulo

992 1378 1115 1411 Cervae
1141 1379 1293 1413 beneficio

944 1433 1070 1467 Crimen
1093 1437 1178 1477 regis
1203 1438 1373 1478 revelatur,

942 1481 989 1513 Ut
1012 1482 1055 1513 sit
1078 1483 1177 1515 abbas
1204 1488 1358 1525 exoratur:

943 1528 1016 1561 lllic
1042 1530 1212 1563 claustrum
1241 1535 1411 1565 exornatur

987 1576 1033 1608 Et
1056 1576 1094 1609 fit
1120 1580 1332 1619 congregatio.

944 1632 1034 1672 Quod
1059 1643 1212 1673 aquarum
1237 1644 1296 1675 per
1317 1641 1440 1670 meatus

940 1680 1019 1712 Mox
1044 1684 1211 1714 ventorum
1233 1692 1345 1724 regens
1368 1683 1462 1717 flatus

988 1728 1125 1768 Appulit
1151 1731 1311 1763 coenobio.

938 1783 1004 1815 Ubi
1030 1784 1173 1817 Christus
1197 1795 1257 1825 per
1285 1788 1390 1820 omnia

940 1831 1018 1863 Cum
1043 1833 1162 1863 sanctis
1189 1836 1238 1865 est
1261 1834 1294 1866 in
1319 1836 1421 1875 gloria

985 1878 1031 1909 Et
1054 1880 1188 1918 perenni
1212 1882 1339 1921 gaudio.

539 1938 594 1971 14.
622 1939 689 1972 Nos
715 1941 854 1974 colentes
878 1945 1060 1982 praesentia

621 1986 731 2019 Sancti
755 1989 818 2020 viri
842 1991 995 2024 solemnia

618 2034 831 2069 Decantemus
856 2038 995 2079 alleluja.

218 2106 356 2143 Sequent.
376 2116 430 2134 ms.
451 2108 570 2137 Amesti
591 2109 628 2137 de
640 2110 789 2139 Paruubic
809 2115 879 2141 anni
901 2112 974 2143 1363
990 2115 1062 2144 cod.
1079 2116 1173 2154 Capit.
1187 2118 1327 2155 Pragens.
1343 2129 1365 2148 s.
1380 2122 1455 2157 sign.

139 2144 175 2172 A.
197 2160 234 2164 —
253 2145 338 2173 Miss.
358 2154 412 2173 ms.
433 2147 632 2176 Alto-vadense
648 2149 791 2178 LXXVH
812 2159 888 2180 saec.
911 2151 954 2181 15.
969 2154 1001 2182 B.
1019 2169 1055 2173 —
1075 2156 1158 2183 Miss.
1178 2166 1232 2184 ms.
1246 2158 1456 2187 Sti-ahoviense

139 2192 162 2211 s.
184 2185 259 2221 sign.
281 2192 357 2211 saec.
381 2182 424 2212 15.
448 2184 477 2212 C.
496 2201 527 2206 —
552 2186 637 2214 Miss.
657 2196 710 2214 ms.
730 2188 968 2219 Tiechobucense
988 2201 1063 2221 saec.
1087 2192 1131 2221 14.
1148 2194 1216 2222 Cod.
1230 2196 1371 2232 Pragens.
1384 2198 1456 2226 XIV

138 2222 162 2249 Β
185 2220 229 2249 17.
257 2223 296 2250 D.
320 2236 359 2241 —
384 2220 437 2256 212,
466 2221 483 2250 2
511 2225 619 2252 tectum
644 2226 805 2261 perforavit
823 2229 858 2256 A.
880 2245 917 2249 -—
942 2229 992 2266 427
1021 2229 1039 2258 2
1058 2240 1118 2260 non
1139 2235 1235 2268 patuit
1251 2234 1286 2261 A.
1308 2249 1348 2253 —
1368 2234 1416 2269 6a,
1439 2235 1452 2263 1

138 2263 272 2297 arreptus
293 2260 447 2289 daemonio
470 2262 502 2289 C.
523 2278 561 2282 -—
582 2261 632 2298 6b,
660 2261 678 2290 2
697 2267 861 2300 patrocinio
884 2267 915 2295 C.
936 2283 973 2288 —-
993 2267 1045 2305 8b,
1066 2268 1084 2297 2
1096 2271 1167 2299 Mox
1182 2272 1254 2300 fehlt
1269 2273 1299 2301 C.
1317 2288 1348 2292 —
1366 2272 1417 2307 81),
1436 2273 1454 2303 3

136 2298 261 2327 Fructus
284 2301 317 2326 Β.
337 2315 375 2319 --
396 2299 447 2334 91),
470 2299 488 2328 3
506 2300 632 2329 Junctus
652 2303 821 2333 veredentio
843 2306 881 2339 A3
904 2308 1019 2336 vinetus
1040 2308 1214 2338 ferredentio
1231 2312 1264 2339 B.
1284 2327 1323 2332 —
1344 2311 1412 2346 111›,
1435 2311 1454 2341 3

230 2338 266 2365 A.
287 2353 326 2357 —
347 2336 417 2372 12b,
438 2336 457 2367 3
477 2339 587 2367 Attulit
607 2341 640 2368 B.
