1653 2632
709 124 967 159 —286—

194 215 271 248 lla.
297 215 503 248 Diatessaron
527 217 621 250 beata
874 220 954 253 11b.
976 221 1021 253 Et
1044 221 1227 254 harmoniae
1253 224 1401 257 coelestis

299 263 476 303 diapentico
980 269 1084 301 cordis
1109 268 1226 302 fidibus

295 318 388 342 sensu
411 315 506 344 nacta
977 317 1210 355 proportionati

298 357 449 397 diapason
975 363 1088 394 summi
1113 365 1196 404 regis

295 404 512 437 citharizemus
538 414 623 446 vera,
974 410 1201 449 conjubilemus
1226 414 1309 447 aula.

191 460 269 494 122.
297 461 321 493 O
347 464 455 492 sancte
476 464 585 494 nostra
867 465 948 499 12b.
972 468 1022 498 Ac
1046 476 1166 500 summo
1191 471 1277 509 patri

292 507 396 539 Laudi
971 520 1176 553 repraesenta

292 555 408 587 exaudi
431 556 614 594 precamina
972 569 1031 600 per
1057 561 1215 595 Christum
1239 564 1418 605 impetrata.

640 614 695 647 13.
720 613 806 646 Laus
831 615 864 647 in
889 618 921 647 te
945 617 988 648 sit
1011 617 1080 650 Deo

718 661 840 701 tibique
865 663 899 694 in
924 672 960 696 eo

716 709 827 748 gloria.

259 771 341 798 Miss.
361 779 414 798 ms.
434 771 648 808 Rot‹1.mag‹=nse
668 782 743 801 saec.
765 773 809 802 14.
832 774 900 803 Cod.
920 777 1078 806 Parisiens.
1101 777 1135 806 17
1146 778 1210 808 317.
1226 781 1260 809 A.
1281 798 1318 802 —
1331 784 1414 812 Miss.
1435 794 1488 813 ms.

187 807 216 835 S.
236 807 332 835 Laudi
350 808 555 846 Rotomagens.
582 819 658 838 saec.
684 810 729 840 14.
758 821 801 840 ex.
824 812 892 841 Cod.
919 814 947 843 S.
969 815 1133 845 Genovefae
1153 818 1310 848 Parisiens.
1334 822 1404 850 BBI.
1424 823 1488 851 Fol.

183 844 210 872 5.
224 845 257 872 B.
273 861 309 865 —-
322 846 404 873 Miss.
426 855 479 874 ms.
501 847 530 875 S.
547 848 694 877 Barbarae
715 851 747 877 in
761 850 849 887 Algia
869 860 944 880 saec.
962 851 1005 880 12.
1023 854 1093 882 Cod.
1108 854 1137 882 S.
1152 856 1317 886 Genovefae
1329 859 1487 889 Parisiens.

179 882 250 910 BBI.
271 883 333 910 Fol.
360 883 387 910 7.
415 884 480 911 add.
506 894 580 913 saec.
609 885 652 914 14.
674 887 705 915 C.
724 903 759 907 -
780 889 806 916 A
826 890 918 917 bietet
937 890 984 919 die
1005 891 1137 929 Sequenz
1166 895 1210 922 als
1232 895 1268 923 de
1288 895 1318 924 S.
1341 897 1485 934 Romano,

180 920 205 948 B
226 921 268 948 als
290 921 324 948 de
345 921 374 949 S.
395 923 512 957 Laud0;
542 924 564 952 C
584 924 691 962 richtig
712 926 757 954 als
778 927 832 961 „de
852 928 984 963 quolibet
1003 928 1155 965 doctore“;
1184 932 1235 960 der
1254 933 1348 962 Name
1366 936 1485 964 Laudus

183 958 261 985 steht
280 959 342 987 also
366 958 415 993 6a,
438 958 455 987 2
475 961 535 988 und
556 960 623 998 122,
645 961 662 990 2
682 972 738 991 nur
757 965 1008 1001 beispielshalber.
1023 982 1060 987 —-
1074 967 1124 1002 23,
1147 968 1164 996 2
1184 972 1352 1000 meritorum
1367 975 1487 1002 caritate

180 996 213 1023 Β.
236 1010 270 1014 -
291 995 341 1029 92,
365 995 378 1024 1
401 997 533 1033 Supplici
553 1008 626 1027 voce
644 1001 678 1027 A.
701 1017 737 1021 —
758 1000 808 1038 91),
833 1002 845 1030 1
868 1004 909 1032 Ut
929 1007 1038 1033 sanctis
1058 1008 1170 1035 meritis
1192 1009 1224 1035 B.

622 1081 681 1113 391.
721 1083 764 1114 De
783 1092 843 1115 uno
866 1084 1051 1119 confessore.

181 1137 236 1171 la.
264 1139 490 1172 Crebrescente
515 1142 633 1175 Christi
657 1143 761 1183 laude,
863 1146 921 1180 11).
944 1147 1071 1180 Laudes
1098 1159 1225 1189 promas
1250 1161 1312 1184 non
1339 1153 1436 1186 exiles

262 1186 432 1219 Consolata
457 1187 542 1229 Sion,
570 1189 681 1229 gaude,
941 1194 1021 1226 Nam
1047 1196 1120 1237 NN,
1148 1197 1267 1230 Christi
1291 1200 1391 1241 miles,

260 1233 339 1265 Toto
364 1235 435 1266 nisu
458 1235 550 1274 plebs
575 1237 734 1276 applaude
940 1240 1068 1281 Sprevit
1091 1253 1167 1283 opes
1191 1247 1301 1278 mundi
1324 1248 1402 1280 viles

307 1280 481 1321 Tamquam
504 1283 598 1314 matri
622 1282 707 1325 filia3
985 1290 1048 1321 Pro
1075 1292 1205 1324 coelesti
1230 1294 1340 1333 gloria.

178 1337 233 1367 2a.
261 1337 377 1368 Hostes
403 1342 526 1370 certans
554 1339 725 1372 debellavit
857 1343 914 1375 2b.
934 1344 986 1376 Ab
1011 1349 1116 1378 aetate
1139 1349 1302 1387 primitiva

258 1383 303 1414 Et
325 1387 482 1416 certamen
509 1388 742 1430 consummavit,
936 1391 1052 1424 Mundi
1075 1394 1152 1426 vicit
1175 1396 1345 1441 incentiva,

258 1430 321 1462 Pro
339 1440 398 1470 quo
413 1432 556 1464 Christus
574 1433 658 1465 hunc
675 1436 797 1468 dotavit
938 1438 1017 1476 Quia
1042 1448 1115 1472 caro
1140 1442 1216 1474 licet
1240 1444 1314 1477 viva

305 1477 427 1510 Corona
451 1483 615 1519 perpetua,
981 1485 1102 1519 Mundo
1128 1487 1190 1520 fuit
1213 1494 1346 1525 mortua.

174 1533 231 1565 3a.
257 1533 342 1573 Ergo
367 1536 476 1567 mundi
500 1539 586 1568 sorte
611 1541 719 1577 spreta
852 1539 909 1573 3b.
933 1541 978 1573 Ut
1002 1552 1059 1582 pro
1084 1547 1194 1577 nostra
1216 1548 1360 1586 peritura

257 1580 432 1613 Jubilemus
456 1583 489 1614 in
514 1586 545 1614 te
569 1584 653 1616 laeta
934 1589 1011 1621 Vita
1037 1591 1129 1623 detur
1153 1593 1210 1625 sed
1234 1593 1351 1639 futura,

256 1627 381 1660 Summo
405 1630 473 1670 regi
499 1639 567 1662 cum
592 1632 721 1672 athleta,
937 1636 1002 1669 Ubi
1028 1647 1148 1671 merces
1174 1649 1381 1680 permansura

302 1674 395 1715 Cujus
421 1675 535 1709 festum
563 1678 692 1718 colitur3
981 1684 1169 1719 Meritorum
1195 1689 1352 1725 redditur.

246 1739 328 1767 Mis‘.
349 1749 401 1768 ms.
418 1741 579 1777 Schyrense
600 1746 670 1771 anni
692 1743 772 1773 1499.
790 1745 860 1773 Clm.
877 1747 1044 1777 Monacens.
1067 1748 1102 1778 17
1113 1750 1178 1780 423.
1192 1770 1230 1774 --
1245 1756 1313 1783 Mel.
1332 1757 1474 1787 offeubar:

172 1777 301 1805 Verbum
319 1778 435 1807 bonum.

609 1854 674 1886 392.
715 1855 757 1887 De
776 1864 833 1888 uno
856 1857 1043 1891 confessore.

172 1910 227 1944 la.
255 1910 423 1944 Confessor
448 1913 576 1955 Christi,
853 1919 910 1953 11).
932 1920 1052 1954 Nostra
1074 1923 1143 1956 Deo
1169 1929 1243 1958 vota

300 1958 432 1991 laudare
456 1961 509 2000 qui
533 1963 685 2003 meruisti,
980 1967 1042 2009 fac⁷
1073 1980 1091 2002 o
1115 1976 1208 2011 pater
1233 1976 1361 2018 optime,
1388 1982 1472 2012 nota.

172 2014 227 2044 Za.
254 2013 339 2055 Ergo
364 2018 437 2047 tuae
460 2017 549 2049 laudi
851 2023 907 2056 2b.
931 2024 1081 2059 Omnibus
1106 2028 1167 2060 hoc
1190 2034 1320 2069 praesta

298 2071 354 2093 nos
377 2063 530 2096 instantes
556 2066 626 2105 pius
651 2069 736 2108 audi,
978 2074 1189 2110 recolentibus
1211 2078 1291 2111 haec
1306 2083 1362 2113 tua
1379 2081 1471 2124 festa,

170 2117 224 2148 322.
251 2117 304 2149 Ad
332 2127 468 2152 summas
492 2122 603 2154 laudes
849 2126 906 2159 3b.
929 2128 1016 2169 Rege
1040 2131 1098 2163 sub
1122 2136 1251 2167 aeterno

297 2167 333 2195 ut
355 2168 546 2209 pertingant,
570 2170 626 2202 ubi
650 2173 777 2213 gaudeS‚
976 2185 1046 2209 cum
1071 2181 1188 2213 sanctis
1209 2183 1282 2222 J'ure
1303 2194 1450 2225 superno.

243 2229 325 2256 Mis„
348 2239 400 2257 mS.
420 2232 567 2269 Pragense
587 2236 658 2264 XIV
676 2237 703 2264 A
722 2235 740 2265 3
761 2247 835 2266 saec.
858 2237 904 2266 14.
926 2240 961 2267 A.
981 2256 1018 2261 —
1038 2243 1120 2272 Miss.
1142 2256 1194 2274 ms.
1215 2247 1414 2279 Altovadense
1433 2251 1468 2280 91

168 2273 241 2292 saec.
274 2265 317 2294 15.
344 2268 375 2295 B.
405 2286 440 2289 —
465 2271 548 2299 Miss.
578 2283 630 2301 ms.
655 2275 828 2304 Brixinense
857 2286 931 2305 saec.
961 2277 1004 2307 15.
1037 2281 1103 2311 Cod.
1130 2285 1224 2313 Palat.
1250 2287 1469 2318 vindobonens-

168 2301 249 2331 1722.
279 2304 308 2331 G.
338 2321 374 2325 -—
400 2307 483 2336 Miss.
509 2318 562 2337 ms.
584 2309 613 2340 S.
633 2312 715 2340 Petri
736 2313 948 2352 Salisburgens.
976 2326 994 2344 a
1013 2319 1056 2347 VI
1080 2319 1125 2349 26.
1152 2332 1227 2351 saec.
1255 2324 1300 2352 15.
1320 2326 1357 2353 D.
1379 2343 1415 2347 —
1434 2328 1469 2355 In

168 2340 219 2368 (Ἰ)
248 2341 284 2369 de
311 2351 368 2371 uno
392 2345 521 2381 Mai-tyre
546 2350 600 2376 mit
624 2350 689 2378 dem
708 2352 828 2388 Anfang
852 2352 878 2385 (1
889 2362 914 2385 a,
939 2353 976 2389 1):
1004 2356 1028 2383 Ο
1047 2363 1158 2395 martyr
1178 2361 1294 2390 Christi.
1315 2379 1352 2383 —
1375 2364 1428 2400 lb,
1451 2364 1468 2392 2

170 2378 217 2406 fac
235 2382 317 2415 pater
335 2381 370 2410 A.
392 2397 426 2401 —
444 2383 501 2412 Str.
522 2384 564 2413 lb
585 2388 645 2415 und
664 2387 709 2416 2a
727 2392 894 2426 umgestellt
914 2391 949 2419 D.
