1653 2632
699 123 957 159 —211—

630 235 696 266 282.
731 235 774 267 De
795 236 905 266 sancta
925 234 1028 266 Lucia.

178 303 230 337 ia.
256 302 367 343 Lucia,
394 304 546 336 solemnio
860 304 918 338 ib.
941 305 1086 345 Agathae
1112 305 1268 345 colloquio

253 350 321 382 Tuo
346 351 457 391 psallit
477 352 585 384 concio
941 352 1057 394 Discis‚
1087 353 1172 392 quod
1196 351 1344 392 suffragio

254 397 375 430 Nostra
397 398 485 440 Jesu,
510 398 576 431 filio
941 400 1020 439 Tuo,
1048 400 1145 440 virgo,
1171 400 1277 439 passio

304 445 377 477 Dei·
392 446 505 486 patris
990 447 1101 480 Cesset
1123 447 1244 478 matris.

173 503 228 534 2a.
255 503 362 542 Atque
385 503 575 542 temporalia
861 501 920 535 ab.
943 502 1007 535 Sed
1031 504 1182 534 resistens
1214 502 1318 542 gratia

256 549 401 581 Clemens
427 551 551 590 spargis
577 550 691 590 omnia,
942 550 1042 582 Plena
1066 550 1146 581 lucis
1171 548 1247 589 filia,

259 597 389 637 Cogeris
414 597 456 629 ad
479 597 579 636 impia
943 597 1080 639 Diceris,
1108 601 1243 637 egregia,

304 644 400 682 Quasi
424 653 526 684 maga.
987 643 1080 683 Lupa
1104 653 1193 684 vaga.

173 701 228 733 3a.
255 699 360 732 Laesa
382 700 500 740 verbis,
524 700 659 732 verbere
861 700 918 734 3b.
942 701 1020 734 Jesu
1045 701 1165 733 Christi
1186 709 1317 732 munere

255 747 362 781 Judex
386 750 418 778 te
442 747 587 786 polluere
942 747 1057 779 Nullus
1082 748 1151 787 quit
1173 750 1205 778 te
1229 748 1366 787 trahere,

252 794 349 826 Jubet
375 795 480 826 carnis
505 795 636 835 scelere,
941 794 998 826 Fis
1022 795 1153 826 immota
1179 803 1318 834 propere

302 841 377 882 Sed,
403 842 539 882 alumna,
991 842 1056 874 Ceu
1082 842 1237 873 columna.

175 900 233 932 4a.
261 898 358 938 Virgo
384 897 495 930 suffers
521 898 661 938 gladium
861 898 920 932 4b.
944 897 1069 929 Sertum
1095 898 1199 937 carpis
1225 898 1367 937 crinium,

254 946 416 984 Resinam,
437 945 630 985 incendium,
943 943 1008 976 Per
1031 948 1064 976 te
1088 944 1191 984 Jesus,
1218 945 1358 985 gentium

256 993 367 1025 Oleum
393 995 426 1024 et
447 993 587 1034 gladium
943 992 1024 1032 Rex,
1052 992 1107 1024 (let,
1129 992 1221 1023 nobis
1248 992 1393 1023 bravium

302 1040 410 1079 Atque
433 1041 546 1080 picem.
992 1038 1033 1070 Se
1057 1038 1195 1070 felicem.

176 1161 187 1189 1
227 1162 233 1168 .
248 1124 335 1189 Mis}i
353 1132 406 1150 ms.
426 1123 572 1151 Attilense
599 1123 670 1150 anni
698 1120 780 1150 1450.
804 1121 875 1149 Clm.
895 1122 1065 1149 Monacens.
1091 1120 1174 1150 3311.
1202 1137 1240 1141 —
1265 1120 1311 1148 4a
1337 1119 1352 1148 1
1385 1120 1487 1147 suffers

189 1170 286 1189 ocium
338 1169 360 1189 s.

554 1270 620 1302 283.
660 1271 703 1301 De
722 1279 745 1301 s.
766 1269 919 1301 Ludovico
940 1270 1097 1310 Episcopo.

175 1354 229 1385 la.
256 1351 339 1383 Boni
366 1351 458 1382 dator
482 1349 656 1390 perfectius
861 1349 919 1382 lb.
941 1351 1137 1381 Accrescens
1160 1349 1222 1379 iste
1246 1347 1330 1380 filius

302 1397 389 1430 Deus
414 1398 566 1429 mundum
593 1397 717 1437 ditavit,
988 1396 1035 1429 Ut
1058 1396 1178 1435 Joseph
1205 1396 1404 1427 conservavit

256 1446 334 1479 Cum
357 1445 539 1477 Ludovicus
566 1445 682 1476 clarius
943 1443 1076 1483 Semper
1100 1452 1135 1474 se
1161 1446 1292 1482 castum,
1317 1443 1427 1482 purius

254 1493 299 1525 Et
323 1492 418 1524 altius
941 1491 986 1522 Et
1009 1491 1133 1530 plenius

301 1540 339 1572 In
365 1540 482 1571 mundo
507 1539 656 1573 radiavit.
989 1538 1146 1578 Populum
1170 1537 1233 1569 Dei
1257 1537 1356 1577 pavit.

173 1599 230 1630 2a.
256 1596 326 1628 Nec
351 1604 428 1628 cura
450 1596 512 1628 Dei
539 1594 650 1635 defuit,
860 1594 918 1629 2b.
941 1595 1089 1634 Quotidie
1112 1595 1184 1634 plus
1211 1594 1312 1634 viguit

305 1641 458 1684 Quamvis
483 1643 678 1675 incarcerari
989 1642 1117 1673 Virtute
1141 1641 1296 1682 singulari

255 1691 452 1731 Permiserit,
479 1691 537 1723 sed
563 1689 667 1722 adfuit
942 1689 987 1721 Et
1011 1692 1046 1720 ut,
1068 1688 1177 1721 David
1202 1697 1266 1720 non
1290 1689 1396 1728 potuit

257 1737 300 1769 Et
324 1738 441 1769 imbuit.
943 1736 1013 1767 Nec
1039 1736 1149 1768 debuit

302 1785 458 1817 Doctrina
482 1785 625 1816 salutari.
992 1784 1022 1815 A
1050 1792 1204 1823 quoquam
1230 1783 1385 1822 superari.

174 1845 231 1877 32..
257 1840 403 1875 Affluens
430 1844 478 1873 est,
501 1850 561 1881 per
585 1841 690 1872 omnia
864 1840 921 1875 3b.
943 1840 1086 1872 Laborat
1111 1839 1291 1878 eloquentia

305 1889 409 1921 Natus
434 1889 536 1928 stirpe
560 1889 661 1928 regali
990 1887 1036 1919 Et
1060 1895 1121 1927 ope
1144 1887 1285 1918 manuali

255 1937 302 1970 Ut
326 1937 475 1970 Salomon
498 1936 671 1976 prudentia
943 1935 1008 1967 Hic
1031 1934 1165 1974 EsdraS,
1188 1936 1226 1965 ut
1250 1934 1384 1966 ecclesia

257 1984 336 2017 Cum
360 1984 465 2024 gratia
942 1982 1071 2014 Eximio¹

301 2032 339 2064 In
364 2034 449 2064 statu
473 2031 638 2071 pastorali.
993 2031 1043 2063 Sit
1066 2029 1168 2070 gradu
1191 2029 1373 2069 principali.

172 2092 230 2124 4a.
257 2088 436 2123 Innumeris
458 2088 631 2121 virtutibus
860 2087 919 2120 41).
943 2087 1112 2127 Sacrisque
1137 2087 1202 2117 suis
1227 2085 1375 2126 precibus

302 2138 357 2169 Ad
380 2137 484 2168 instar
507 2136 652 2168 Danielis
991 2134 1044 2166 Sic
1067 2143 1124 2166 nos
1147 2134 1260 2173 juvare
1284 2134 1373 2177 velis,

257 2184 467 2225 Praepollens
492 2192 550 2215 nos
575 2183 614 2215 ab
641 2183 785 2215 omnibus
941 2182 1032 2222 Quod
1055 2182 1224 2222 mentibus,
1251 2181 1448 2213 sermonibus

255 2232 432 2267 Insultibus
938 2230 983 2262 Et
1007 2230 1129 2261 actibus

301 2280 413 2314 Hostis
437 2287 532 2312 serva
556 2278 705 2311 crudelis.
992 2278 1096 2311 Simus
1121 2286 1247 2317 semper
1271 2278 1303 2310 in
1333 2278 1442 2311 caelis.

246 2356 330 2384 Miss.
351 2365 405 2384 ms.
425 2356 596 2383 Parisiense
615 2363 691 2383 saec.
716 2352 760 2382 14.
783 2354 854 2383 Cod.
874 2355 1034 2382 Parisiens.
1055 2351 1109 2381 861
1131 2355 1186 2381 mit
1202 2354 1271 2381 Mel.
1293 2353 1319 2381 A
1348 2370 1385 2374 --
1405 2355 1489 2382 Misn-

171 2404 224 2423 ms.
245 2395 423 2423 Praedicatt.
443 2394 603 2422 Parisiens.
625 2401 702 2421 saec.
726 2391 769 2421 15.
792 2393 861 2422 Cod.
876 2393 1041 2421 Tolosanus
1064 2390 1127 2420 102.
1150 2393 1180 2420 B.
1196 2409 1233 2412 —
1255 2390 1305 2427 la,
1325 2390 1346 2420 4
1363 2393 1437 2420 fehlt
1456 2394 1490 2421 B.

1256 2438 1316 2468 14*
