1653 2632
685 135 944 170 —165—

593 226 661 258 220.
702 227 744 258 De
763 227 870 259 sancto
892 228 1031 269 Georgio.

597 308 627 340 1.
653 307 735 348 Ave,
760 307 855 339 stella
878 308 1025 351 gloriosa,

180 361 236 392 2a.
265 360 400 393 Gemma
422 366 600 403 martyrum

264 409 417 450 pretiosa,

179 465 239 498 3a.
265 465 371 497 Adest
398 466 453 498 hie
477 476 562 499 nuno
583 468 642 501 tibi

261 512 354 552 plebs
381 514 506 554 devota,

261 560 384 593 Adesto
410 559 536 593 famulis
562 565 595 594 et

262 607 387 640 cantica

261 653 314 686 fae
337 654 407 686 Deo
434 655 531 696 digna
555 658 674 689 nostra.

176 711 234 744 4a.
260 711 285 743 Ο
311 713 353 751 te,
378 719 488 753 regum
512 720 570 743 rex
594 712 686 753 bone,

263 766 321 789 nos
348 767 410 790 una
434 758 652 791 benedicimus

261 813 398 845 semper,
425 806 552 838 trinitas
578 807 670 847 alma,

260 852 372 884 Mente
398 853 522 885 devota.

177 910 234 942 5a.
263 908 390 941 Coeliea
416 912 447 941 et
469 913 585 952 terrea,

259 956 405 996 plaudite
427 958 625 998 symphonia,

259 1004 395 1043 plaudat
419 1007 451 1035 et
476 1013 601 1045 canora,

176 1061 233 1093 6a.
260 1059 424 1099 Diapason
454 1061 540 1092 clara

259 1115 298 1138 ex
322 1107 372 1138 his
398 1106 485 1139 faeta

260 1162 363 1196 surge,
391 1155 517 1187 tinnula

177 1212 233 1244 7a.
260 1211 355 1243 Nunc
379 1213 422 1251 te,
450 1211 576 1252 Georgi,

257 1258 376 1290 dilecta

257 1307 409 1345 precatur
433 1307 547 1347 turma,

256 1352 377 1392 ubique
401 1361 458 1384 nos
484 1352 636 1392 guberna,

172 1409 229 1443 8a.
255 1409 335 1442 Post
358 1411 391 1440 te
415 1417 472 1440 nos
497 1409 590 1441 trahe
614 1411 669 1442 tua

255 1465 351 1489 manu
375 1455 469 1488 beata

253 1504 296 1537 ad
325 1504 448 1536 aeterni

253 1552 337 1592 regis
363 1559 461 1591 regna

252 1599 315 1631 Illa
343 1607 491 1638 superna.

169 1656 226 1688 9a.
253 1656 347 1689 Jesus
374 1664 435 1695 quo
460 1663 518 1686 sua

252 1702 371 1743 gaudet
395 1711 467 1733 oum
492 1710 609 1741 sponsa

253 1751 321 1789 ejus
346 1750 416 1781 sola

251 1806 375 1828 summa
399 1796 512 1837 gratia.

143 1854 223 1887 lOa.
252 1856 365 1893 Amen,
393 1853 562 1885 clamemus

248 1909 327 1933 voce
351 1909 476 1940 magna,

868 364 926 397 2b.

868 468 925 501 3b.

865 713 925 747 4b.

950 364 1067 406 Georgi
1089 366 1221 407 martyr,

950 421 1023 452 spes
1044 413 1146 445 unica.

948 468 1071 501 Jubilat
1096 472 1223 501 caterva

948 516 1089 556 palliata,

948 563 1065 595 Dulees
1090 564 1227 595 alternat
1253 566 1362 596 cantus

948 619 1063 642 sonora

948 658 1108 698 conjungit
1134 661 1165 689 et
1191 667 1319 699 organa.

947 714 1047 753 Quam
1069 715 1237 754 praeclara
1263 717 1293 746 et
1318 715 1452 755 pulchra

947 761 1090 800 praemia
1112 764 1302 802 sanctorum,

946 808 1007 851 via,
1033 809 1099 840 vita
1125 812 1156 840 et
1185 809 1340 850 diadema,

946 855 1017 887 Lux
1042 856 1244 896 sempiterna.

866 911 922 944 5b.
941 911 1112 952 Hymnizet
1134 915 1282 945 nectarea

866 1061 924 1095 6b.

866 1210 921 1243 7b.

861 1409 920 1442 8b.

859 1655 916 1688 9b.

834 1852 916 1886 10b.

950 958 1146 991 diatessaron
1175 968 1231 991 sua

949 1005 1096 1045 diapente
1113 1006 1234 1045 juncta.

946 1061 1056 1093 Dulcis
1080 1061 1218 1093 melodia

947 1112 978 1139 et
1003 1108 1119 1150 suaviS,

949 1155 1007 1187 ede
1033 1155 1182 1187 earmina.

945 1212 983 1244 In
1011 1212 1156 1252 angelica

946 1259 1034 1290 curia

944 1308 1053 1337 nostra
1078 1314 1176 1345 opera

945 1361 1061 1385 excusa
1085 1352 1222 1393 fragilia.

943 1409 1016 1442 Illic
1040 1408 1205 1441 albescunt
1229 1409 1307 1449 lilia,

942 1456 1035 1488 rubet
1058 1458 1088 1488 et
1114 1464 1186 1488 rosa

941 1504 1127 1543 redoletque

939 1551 1022 1582 mira
1045 1551 1188 1582 balsama

941 1598 1034 1630 Felix
1058 1599 1174 1638 patria.

938 1655 993 1687 Illi
1018 1655 1130 1697 gloria,

938 1703 1008 1734 laus
1033 1700 1186 1734 melliflua

938 1750 1136 1781 saeculorum

938 1797 978 1828 sit
1003 1797 1037 1828 in
1061 1798 1197 1829 saecula.

939 1852 1044 1892 Salve⁷
1071 1852 1214 1884 eoelestis

937 1900 1120 1940 margarita.

218 1985 307 2014 Grad.
321 1994 375 2012 ms.
390 1985 610 2020 Lougoi-etense
627 1992 703 2011 saec.
719 1981 763 2012 13.
786 1983 854 2011 Ood.
868 1984 961 2011 Paris.
977 1982 1013 2011 10
1024 1981 1078 2011 511
1094 1984 1128 2011 A.
1150 1998 1186 2002 ——-
1206 1984 1289 2011 Miss.
1306 1992 1359 2011 ms.
1375 1981 1458 2011 Com-

162 2024 301 2052 endiense
321 2031 397 2051 saee.
419 2021 465 2050 14.
487 2021 556 2049 Cod.
575 2022 735 2050 Parisiens.
759 2021 793 2049 17
804 2020 869 2050 318.
886 2023 919 2050 Β.
934 2038 972 2041 -
985 2020 1036 2057 21),
1060 2020 1074 2049 1
1092 2022 1230 2049 Vincenti
1250 2024 1359 2056 martyr
1372 2022 1406 2049 B.
1422 2036 1458 2043 ν-

139 2034 190 2096 gb,
213 2060 230 2090 3
252 2062 358 2089 Dulcis
383 2062 417 2089 A.
432 2075 470 2079 —
485 2060 536 2095 53,
560 2057 574 2087 1
597 2060 733 2088 aetherea
754 2061 796 2094 A;
819 2063 848 2088 et
866 2063 982 2088 terrena
1004 2062 1037 2088 Β.
1058 2075 1094 2079 -
1110 2059 1161 2094 63,
1183 2059 1197 2088 1
1221 2060 1365 2096 diapason
1384 2068 1457 2088 vera

137 2102 171 2129 B.
200 2115 237 2120 —
264 2100 322 2134 7a,
349 2098 364 2127 1
385 2100 524 2127 Vincenti
544 2099 578 2126 B.
599 2113 637 2117 —
657 2098 711 2132 73,
732 2097 752 2126 4
778 2107 830 2134 pro
858 2099 943 2126 nobis
973 2107 1087 2135 semper
1113 2106 1173 2126 ora.
1193 2113 1231 2117 —
1252 2096 1310 2132 83,
1332 2098 1352 2126 4
1378 2099 1455 2134 regis

136 2139 245 2167 aulam.
267 2139 301 2166 B.
322 2154 359 2158 -—
379 2136 430 2173 831
451 2137 469 2166 5
485 2137 569 2164 illam
582 2145 740 2172 supernam
761 2137 794 2164 B.
816 2153 853 2156 —
873 2135 924 2171 812,
949 2136 962 2164 1
985 2137 1059 2165 Illuc
1080 2137 1114 2164 A.

581 2266 641 2298 221.
680 2268 723 2299 De
745 2268 852 2299 sancto
874 2267 1013 2308 Georgia.

568 2348 599 2381 1.
627 2347 721 2380 Nunc
747 2348 839 2380 nobis
862 2356 1022 2389 succurre,

626 2398 736 2428 sancte
760 2395 887 2437 Georgi,
