1653 2632
732 83 991 117 —280—

213 176 268 207 6a.
295 174 490 206 Veneremur
515 184 599 215 ergo,
625 174 752 215 fratres,
893 178 949 211 6b.
973 178 1195 219 supplicantes
1219 184 1256 213 ut
1279 183 1322 214 ad
1346 184 1445 216 vitam

292 222 330 254 In
354 221 414 253 hac
440 222 491 254 die
515 225 639 254 nostros
663 225 771 263 patres
972 225 1043 258 Suis
1067 228 1217 266 precibus
1242 229 1386 262 inclitam

337 268 382 301 Et
406 269 526 302 Christi
551 270 733 310 discipulos,
1017 273 1144 306 Ducant
1167 284 1239 307 suos
1265 275 1411 312 famulos.

285 328 1297 369 8100110111.1113.Ρ1·00(1100,ῒῒ.01·ε.0ον10113.3.31ς11.3300.15110.-
1317 338 1402 365 Mela
1426 339 1515 368 Salve

208 368 312 395 ,ancta
333 367 415 394 Chris
415 368 441 394 ti
460 376 574 403 parens.

664 440 731 472 380.
770 441 814 473 De
833 441 1059 483 Evangelistis.

209 499 264 531 la.
290 499 517 532 Sacrasanctae
538 501 698 540 majestati
885 503 944 536 lb.
966 504 1017 536 De
1043 507 1193 538 concordi
1216 509 1414 551 symphonia,

286 546 347 578 Dei
370 547 484 585 Patn's,
510 547 573 579 Dei
596 548 674 588 nati,
968 552 1066 591 Quam
1091 553 1139 585 bis
1165 555 1241 587 bina
1263 560 1369 589 mente
1393 559 1448 599 pia

283 593 343 625 Dei
368 594 522 626 Flaminis
546 594 642 635 beati,
965 600 1004 631 In
1037 601 1165 633 coelesti
1189 602 1370 636 hierarchia

331 640 395 673 Uni
419 641 487 673 Deo
512 642 614 682 gloria
1011 649 1166 681 Promunt
1190 651 1348 685 animalia.

201 693 258 723 2a.
285 692 355 724 Vox
378 692 519 736 Joannis,
546 703 608 725 vox
631 694 797 740 Matthaei,
883 697 940 730 2b.
963 698 1007 730 Hi
1031 699 1080 731 bis
1105 701 1188 733 binis
1213 703 1272 735 sub
1298 703 1408 745 figuris

196 885 251 917 3a.

193 1215 248 1248 la.

192 1315 246 1346 2a.

190 1414 209 1446 3
218 1422 246 1448 a.

186 1513 242 1545 4a.

187 1705 242 1738 5a.

185 1899 240 1931 6a.

184 2089 237 2123 7a.

180 2235 235 2269 8a.

285 739 397 781 Marci,
423 739 529 772 Lucae
551 741 662 773 laudes
686 741 748 773 Dei
961 745 1164 787 Evangelicis
1189 751 1358 791 scripturis

282 785 375 818 Canit
397 791 524 826 praesto
549 797 674 828 semper
699 790 728 820 ei
963 793 1112 827 Pandunt
1139 798 1259 829 cunctis
1287 800 1455 833 credituris

326 833 496 866 Laudandi
520 834 708 875 frequentia.
1007 840 1102 874 Fidei
1125 845 1286 884 mysteria

278 885 424 917 Paradisi
449 887 605 926 quadrum
628 886 754 929 flumen,
879 890 937 926 ab.
961 893 992 924 A
1016 895 1156 933 peccatis
1182 905 1239 928 nos
1265 899 1423 940 emundet,

276 932 394 971 Quadri
417 934 516 972 pedes
540 943 678 976 mensae,
704 936 810 968 lumen
959 939 1081 972 Fructu
1106 943 1189 975 vitae
1213 954 1271 976 nos
1295 945 1456 991 fecundet,

273 979 365 1011 Orbis
393 981 516 1021 quadri,
541 991 648 1013 rerum
669 992 784 1015 numen
959 987 1006 1020 Ut
1028 988 1062 1019 in
1085 989 1177 1022 nobis
1201 992 1249 1023 sic
1272 993 1415 1026 abundet

318 1026 432 1059 Vestra
456 1037 516 1068 per
539 1028 689 1070 suffragia
1003 1034 1084 1075 Ejus
1109 1046 1235 1078 semper
1258 1041 1371 1080 gratia.

274 1086 359 1114 Grad.
379 1096 432 1115 ms.
454 1087 612 1117 Sanctense
632 1099 654 1118 s.
676 1092 750 1127 sign.
770 1099 847 1119 saec.
869 1090 913 1120 15.
935 1102 978 1121 ex.
999 1110 1037 1114 -—
1056 1097 1144 1125 Mel.:
1164 1099 1294 1128 Verbum
1315 1102 1432 1130 bonum.

656 1164 715 1196 381.
750 1165 793 1196 De
812 1173 872 1197 uno
892 1166 1041 1207 martyre.

274 1216 400 1256 Martyr
423 1218 485 1250 iste
507 1228 566 1258 pro
590 1223 633 1260 te,
658 1220 792 1261 Christe,
875 1222 931 1256 lb.
953 1225 1058 1265 Magis
1086 1236 1204 1267 poenas
1230 1238 1324 1269 quam
1350 1234 1499 1265 terrenas

319 1262 470 1297 Crudeles
496 1275 534 1298 ac
558 1268 663 1299 varias
1002 1272 1124 1306 Dilexit
1151 1276 1290 1309 (10110103.

274 1314 348 1347 Non
373 1316 508 1358 dolores,
533 1327 596 1350 non
619 1321 758 1352 terrores
872 1322 929 1355 211.
958 1323 1030 1356 Non
1055 1326 1191 1359 adversa
1215 1338 1274 1360 nec
1300 1330 1429 1363 diversa

320 1362 383 1395 Sed
408 1373 467 1396 1100
490 1366 556 1397 ulla
579 1375 743 1407 prospera,
998 1372 1239 1407 Tormentorum
1261 1385 1387 1418 genera,

272 1413 416 1455 Denique
438 1425 498 1448 1100
522 1417 645 1458 gladius
871 1421 929 1455 3b.
951 1424 1127 1457 Potuerunt
1150 1428 1207 1459 sed
1233 1427 1377 1461 fecerunt

316 1461 376 1494 Cor
400 1463 486 1495 illius
512 1463 659 1505 frangere
998 1472 1154 1504 Invictum
1180 1475 1326 1508 existere.

269 1512 398 1553 Sprevit
424 1517 584 1549 mundana
867 1520 926 1554 4b.
949 1522 1100 1562 Bajulans
1124 1533 1248 1558 crucem

267 1559 373 1602 Falsa,
399 1572 482 1595 vana
948 1569 1065 1602 Veram
1087 1572 1190 1604 lucem

313 1608 355 1640 Et
380 1610 499 1642 caduca
993 1617 1098 1659 Magis
1123 1621 1213 1660 sequi

361 1656 471 1689 Carnis
498 1660 529 1690 et
551 1658 739 1701 illecebras;
1041 1665 1149 1707 Elegit
1174 1677 1267 1708 quam
1292 1670 1451 1705 tenebras.

270 1706 293 1738 Ο
320 1712 436 1747 quanta
458 1710 622 1751 patientia,
867 1715 926 1749 5b.
949 1716 973 1749 Ο
996 1717 1083 1759 10311,
1108 1719 1162 1759 pie
1185 1720 1331 1762 Domine,

267 1753 352 1792 Quae
373 1758 462 1788 tanta
486 1758 643 1798 supplicia
946 1763 1036 1796 Haec
1059 1766 1093 1797 in
1117 1769 1170 1799 tuo
1195 1769 1322 1800 nominc

314 1801 493 1835 Promeruit
515 1806 683 1838 devincere
992 1812 1151 1853 Superare
1174 1816 1284 1857 valuit,

310 1848 379 1881 Nec
402 1852 491 1884 novit
515 1853 728 1886 succumbere.
993 1860 1052 1899 Qui
1078 1861 1118 1893 de
1142 1871 1176 1893 se
1200 1863 1246 1894 nil
1269 1863 1389 1898 habuit.

265 1900 328 1932 Per
352 1905 384 1933 te
406 1903 557 1935 mundum
581 1905 659 1937 vicit
682 1908 783 1939 totum
862 1909 920 1942 6b.
943 1911 1047 1951 Hujus
1071 1914 1182 1946 mundi
1206 1914 1425 1949 blandimenta

306 1947 353 1979 Te
376 1950 477 1981 solum
503 1951 646 1993 diligens,
989 1959 1126 1999 Respuit
1150 1962 1319 2003 arbitrans,

259 1993 332 2026 Tibi
355 1999 468 2035 sponte
492 2007 527 2029 se
553 1999 699 2032 devotum
944 2005 1013 2037 Sibi
1037 2005 1107 2039 fore
1132 2009 1331 2050 detrimenta,

309 2041 432 2074 Obtulit
460 2045 657 2081 sacrificium.
991 2053 1078 2085 Coeli
1100 2055 1210 2088 sitiens
1234 2058 1397 2097 gaudium.

265 2092 344 2133 Ave,
370 2098 491 2137 martyr
512 2106 530 2129 o
551 2099 727 2142 praeclare,
861 2103 917 2136 7b.
942 2104 1120 2138 Collocatus
1153 2109 1234 2140 coeli
1258 2110 1335 2142 sede

265 2140 360 2178 Apud
387 2141 543 2175 Christum
569 2145 742 2185 deprecare
942 2151 1166 2192 Supplicanter
1190 2156 1354 2189 intercede

310 2188 373 2219 Pro
397 2191 513 2222 nostris
539 2193 728 2235 excessibus,
989 2200 1052 2232 Pro
1078 2203 1197 2234 cunctis
1221 2203 1378 2237 fidelibus.

263 2236 330 2269 Nos
354 2249 502 2280 urgemur
525 2246 572 2275 tot
596 2246 764 2290 pressuriS,
862 2249 919 2281 8b.
943 2250 1008 2283 Sed
1031 2251 1101 2285 fieri
1125 2256 1302 2295 propitium

261 2284 371 2317 Tantis
393 2288 494 2329 malis,
520 2291 617 2322 tantis
643 2293 736 2332 curiS,
945 2297 1108 2332 Credimus
1136 2301 1198 2333 Dei
1221 2302 1323 2335 filium

310 2332 371 2364 Tot
395 2335 636 2379 calamitatibus,
989 2346 1065 2379 Tuis
1089 2350 1188 2381 sacris
1213 2350 1372 2390 precibus.
