1653 2632
712 109 947 144 —34-

622 200 667 232 39.
708 200 749 231 De
768 199 890 239 Spiritu
908 200 1025 230 sancto.

173 276 190 308 1
204 284 232 307 a.
258 274 351 312 Veni,
377 274 430 313 pie
456 272 643 311 consolator,
857 269 914 302 11).
938 269 1060 301 Sanans
1086 274 1187 309 omne,
1214 265 1300 305 quod
1325 268 1467 303 sanatur,

255 321 369 353 Mundi
396 320 501 352 cordis
525 319 687 350 habitator
939 315 1073 347 Salvans
1098 321 1200 352 omne,
1228 310 1313 351 quod
1332 311 1485 349 salvatur,

255 368 300 400 Et
323 366 428 399 fidelis
452 366 609 397 mediator
940 361 1076 393 Sacrans
1102 367 1204 402 omne,
1227 358 1313 398 quod
1330 360 1486 397 sacratur,

304 414 423 447 Christi
448 417 480 444 et
504 412 667 453 ecclesiae,
987 407 1109 439 Doctor
1133 406 1234 438 omnis
1260 405 1393 445 gratiae.

174 474 230 506 211.
258 470 470 503 Sacramentis
498 468 659 509 dignitatis
857 465 916 497 2b.
938 464 1032 496 More
1053 463 1134 503 justi
1160 462 1324 495 donatoris

256 518 355 550 Simul
380 519 412 547 et
436 515 630 548 diversitatis
938 513 1029 551 Fuga
1053 510 1131 542 trini
1155 509 1343 541 mercatoris

254 564 370 596 Munus
396 563 489 595 addis
513 562 604 593 nobis
629 561 729 601 gratis
937 559 1055 591 Munus
1080 566 1202 598 manus,
1228 566 1342 588 munus
1366 557 1441 597 oris,

301 610 453 643 Precibus
478 618 541 640 non
564 608 678 648 pretio.
986 607 1104 638 Munus
1130 605 1169 637 ab
1196 603 1313 637 officio.

172 671 228 702 Sa.
256 668 363 700 Omnis
388 666 490 698 virtus
517 668 605 697 tuum
632 665 758 703 donum,
856 663 914 696 31).
937 663 1005 695 Nos
1031 671 1173 704 excusas,
1198 671 1256 693 nos
1284 660 1430 694 defendis

255 715 362 747 Gratis
389 714 509 745 donans
534 721 628 744 omne
650 712 778 752 bonum,
937 710 983 742 Et
1006 710 1126 750 allegas
1153 712 1185 741 et
1208 709 1395 753 praetendis

253 762 315 794 Per
342 769 422 801 quae
451 760 543 791 malis
568 762 600 791 te
616 762 786 799 patronum
940 758 1062 798 Corpus
1079 766 1209 797 aegrum
1226 757 1344 789 nostris
1361 756 1486 788 mendis

300 808 402 841 Nobis
428 808 526 848 gratis
553 806 672 846 efficis;
985 805 1084 845 Apud
1108 805 1191 836 iram
1212 804 1341 844 judicis.

169 869 225 901 4a.
253 867 302 898 Tu
326 865 480 906 benignus
505 864 636 904 spiritus
856 862 913 896 4b.
935 862 1007 894 Hoc
1032 864 1081 893 est
1104 863 1193 893 tuum
1218 870 1345 901 gemere

253 913 422 945 Postulans
446 912 630 943 medullitus
938 909 1006 941 Nos
1032 912 1193 949 gementes
1218 907 1327 940 facere

253 961 298 992 Et
320 969 379 1000 pro
401 959 492 991 nobis
518 959 651 999 gemitus
937 957 983 989 Et
1007 966 1066 996 pro
1091 957 1192 996 culpis
1217 955 1355 988 fundere

299 1007 366 1039 Das
391 1006 631 1038 inenarrabiles.
986 1005 1102 1037 Preces
1126 1003 1352 1036 lacrimabiles.

171 1067 227 1098 5a.
255 1065 315 1097 Est
330 1063 495 1102 insulsum,
513 1063 597 1103 quod
613 1071 702 1094 mens
716 1065 796 1103 orat,
857 1061 916 1095 5b.
936 1061 1000 1093 Hic
1024 1070 1165 1092 amarum
1192 1069 1247 1092 cor
1273 1060 1427 1103 dulcorat,

255 1111 288 1143 Si
312 1120 375 1142 non
399 1119 511 1150 preces
535 1110 589 1141 hic
612 1112 751 1152 saporat,
939 1108 1029 1148 Quod
1053 1108 1190 1148 ignorat,
1217 1108 1303 1147 quod
1321 1108 1483 1150 implorat,

253 1158 385 1190 Frustra
411 1158 542 1197 loquens
567 1166 601 1189 os
624 1157 760 1196 laborat,
938 1156 1050 1195 Docet,
1078 1155 1185 1195 donat,
1211 1156 1296 1187 sicca
1321 1157 1411 1187 rorat

255 1205 361 1237 Verba
386 1204 413 1236 si
438 1213 501 1235 non
523 1204 577 1235 1110
601 1205 732 1244 colorat,
937 1202 1106 1242 Dubiaque
1127 1203 1288 1241 certiorat,

299 1251 396 1283 Nuda
420 1254 494 1283 sunt
519 1253 548 1282 et
572 1251 674 1285 arida.
983 1250 1071 1290 Ignit
1095 1250 1194 1281 corda
1217 1250 1334 1291 gelida.

171 1312 228 1343 6a.
254 1308 357 1348 Reple
381 1306 488 1339 fructu
512 1308 597 1339 vitae
620 1308 708 1348 ligni,
856 1307 914 1340 61).
937 1307 1015 1348 lgne
1038 1306 1109 1346 pius
1133 1307 1217 1346 ignis
1240 1306 1317 1347 igni,

252 1356 330 1395 Ure,
357 1355 512 1395 quidquid
538 1357 587 1386 est,
608 1355 749 1395 maligni,
937 1355 1020 1394 Quos
1046 1352 1154 1385 fecisti
1177 1353 1238 1385 tibi
1263 1353 1360 1394 gigni,

251 1403 347 1443 Signo
374 1402 476 1433 crucis
499 1411 556 1433 nos
580 1402 707 1443 insigni,
936 1401 1014 1441 Fac,
1038 1409 1079 1432 ne
1102 1401 1182 1440 noti,
1208 1409 1249 1432 ne
1272 1401 1440 1441 praevigni

252 1450 379 1482 Timent
400 1450 493 1488 huJ'us
519 1449 641 1490 signum
666 1450 748 1489 signi
937 1448 1040 1480 Simus
1065 1447 1124 1480 sed
1147 1448 1303 1480 haeredes
1330 1449 1418 1489 digni

299 1497 452 1529 Nationes
478 1499 615 1530 exterae.
983 1495 1123 1535 Filiique
1148 1496 1310 1527 dexterae.

244 1563 327 1589 Miss.
354 1569 406 1589 1111.
426 1562 608 1589 Ῡοηπίευεο
634 1559 680 1589 35.
705 1569 780 1589 saec.
809 1560 853 1589 14.
879 1578 916 1582 -
942 1560 994 1595 221,
1016 1559 1034 1587 2
1055 1560 1236 1588 diversitatis
1255 1559 1319 1596 (das
1339 1562 1427 1589 VVort
1446 1563 1486 1589 ist

167 1598 362 1634 unleserlich).
388 1614 425 1618 —-
451 1597 502 1634 2a,
523 1597 540 1627 3
565 1600 651 1627 nobis
675 1599 750 1627 fehlt
773 1601 804 1626 in
827 1600 878 1627 der
905 1600 967 1634 Hs.,
990 1600 1056 1627 eine
1075 1599 1177 1626 Liicke
1195 1608 1255 1627 von
1274 1597 1292 1626 2
1313 1599 1426 1627 Silben.
1447 1615 1485 1619 —

168 1637 220 1673 3a,
241 1636 259 1666 3
280 1647 331 1674 per
351 1645 446 1674 quam.

578 1738 629 1770 40.
667 1738 762 1770 Feria
781 1738 831 1769 VI.
851 1737 1060 1769 Pentecostes.

168 1818 223 1851 la.
254 1817 341 1858 Veni,
368 1820 511 1849 sanctum
536 1826 660 1857 neuma,
685 1817 768 1858 veni,
853 1816 911 1850 lb.
935 1817 1017 1848 Veni
1040 1819 1150 1848 sancte
1176 1817 1366 1858 consolator,

251 1865 330 1905 Igne
355 1865 453 1897 corda
477 1868 587 1897 nostra
610 1866 676 1897 leni
935 1864 1078 1897 Mundae
1101 1865 1217 1896 mentis
1241 1864 1414 1904 habitator,

297 1912 365 1944 Tuo
392 1915 424 1943 et
449 1913 603 1945 examina.
982 1912 1146 1944 Mundans
1170 1921 1229 1944 nos
1253 1913 1409 1944 illumina.

168 1971 224 2002 2a.
251 1969 365 2000 Pectus
389 1972 532 2000 nostrum
556 1967 608 2000 fac
634 1969 783 2001 decorum
853 1969 912 2001 2b.
934 1970 1015 2009 Igne
1038 1972 1092 2000 tuo
1117 1971 1240 2001 mentes
1264 1978 1323 2001 ure

249 2015 292 2048 Et
319 2016 481 2055 disrumpe
506 2016 703 2056 delictorum,
934 2015 1082 2056 Nostras,
1107 2018 1144 2047 ut
1166 2017 1214 2047 510
1238 2017 1298 2048 tibi
1322 2025 1404 2057 pure

298 2062 384 2101 Quae
400 2072 458 2094 nos
470 2065 628 2103 premunt,
646 2064 791 2104 vincula3
982 2064 1082 2095 Fiant
1104 2063 1298 2097 habitacula.

167 2121 224 2153 321.
254 2119 368 2160 Patris,
394 2119 484 2151 verbi
507 2122 650 2151 sanctum
666 2118 791 2160 flamen,
852 2119 910 2153 31).
935 2119 1099 2151 Consolari
1123 2130 1180 2152 nos
1208 2121 1350 2161 dignare,

249 2166 328 2198 Esto
353 2166 445 2198 nobis
472 2167 670 2198 consolamen
935 2166 1052 2198 Sensus
1077 2170 1203 2200 nostros
1228 2166 1427 2200 inflammare

298 2214 335 2245 111
358 2213 419 2245 hac
439 2214 523 2245 valle
547 2214 673 2254 misera,
981 2214 1130 2246 Flamma
1153 2213 1330 2248 salutifera.

166 2272 223 2304 42.
250 2269 287 2301 In
309 2278 366 2301 nos
391 2272 479 2301 tuum
505 2270 560 2302 des
586 2270 743 2312 ardorem,
851 2270 910 2303 41).
933 2272 1034 2302 Amor
1057 2270 1178 2314 fratris,
1205 2279 1295 2302 amor
1318 2271 1416 2312 regis,

249 2318 287 2349 In
312 2325 369 2348 nos
393 2318 501 2348 mittas
527 2321 559 2348 et
583 2325 722 2348 amorem
934 2318 996 2349 Hic
1030 2321 1079 2350 est
1101 2327 1222 2349 summa
1247 2323 1378 2350 sanctae
1400 2321 1481 2361 legis

298 2364 359 2396 Dei
382 2367 477 2404 atque
500 2364 656 2404 proximi3
981 2365 1026 2397 Et
1048 2365 1214 2405 praecepti
1239 2366 1378 2397 maximi.
