1653 2632
688 132 943 169 —123—

159 218 218 250 4a.
245 219 351 252 Isaiae
375 223 505 264 veritas,
847 231 906 264 4b.
929 232 975 264 Te
999 234 1164 273 prophetis
1190 235 1357 272 conscium,

241 265 401 301 Jeremiae
426 272 552 315 caritas,
927 280 1092 319 Apostolis
1116 281 1246 322 socium,

240 313 386 348 Danielis
412 319 554 360 castitas,
928 326 1092 367 Tuumque
1115 330 1301 369 martyrium

289 362 336 395 Te
362 367 571 400 commendat.
973 375 1067 407 Mens
1092 377 1246 410 attendat.

157 418 213 452 δᾶ.
241 419 291 451 Tu
317 420 479 455 confessor
503 424 624 457 nitidus
845 429 903 464 5b.
925 430 992 462 Nos
1016 435 1120 464 tecum
1145 431 1197 465 fac
1221 434 1373 466 scandere

239 467 288 499 Tu
314 476 346 500 es
371 469 461 510 virgo
487 472 652 512 candidus,
924 476 1097 511 Mundatos
1120 489 1140 512 a
1163 481 1293 521 scelere,

240 513 370 547 Coelum
394 518 550 550 scandens
576 520 762 559 splendidus
925 524 1000 557 Noli
1022 536 1079 559 nos
1104 528 1250 560 deserere

286 563 398 596 Victor
427 564 529 597 fortis.
972 573 1061 605 Hora
1083 575 1204 607 mortis.

230 632 314 660 Miss.
340 642 393 661 ms.
421 635 602 664 Voraviense
626 635 663 665 35
690 646 766 666 saec.
795 639 839 668 14.
866 641 901 669 A.
928 656 967 661 —-
992 644 1073 671 Miss.
1099 654 1152 672 ms.
1179 646 1465 677 sanemmeramense

158 671 229 697 anni
252 668 325 699 1406
348 671 419 699 Clm.
442 673 609 702 Monacens.
632 673 738 703 14045.
759 678 791 705 B.
811 693 850 698 —
869 676 922 715 31],
943 679 963 708 4
982 681 1088 710 Paucis
1108 682 1193 711 datus
1212 685 1246 712 A.

581 785 643 818 159.
675 787 719 820 De
738 790 846 821 sancto
867 790 1043 824 Benedicto.

152 855 208 888 la.
235 855 411 890 Benedicto
435 860 556 899 psallat
578 861 679 895 laetus
839 865 896 899 ib.
920 865 1018 905 Quem
1042 867 1186 907 perfudit
1209 870 1312 909 primo
1337 870 1416 904 flore

283 903 350 936 Iste
372 909 489 943 coetus,
966 914 1051 946 Miro
1075 924 1163 947 more

328 953 481 994 Alleluja.
1014 961 1084 993 Lux
1111 963 1227 995 divina.

151 1008 206 1039 Za.
232 1008 319 1040 Puer
342 1009 441 1049 signis
465 1009 582 1050 floruit,
837 1017 895 1049 2b.
917 1017 992 1058 Vas,
1019 1019 1104 1058 quod
1129 1028 1203 1051 casu
1229 1019 1378 1062 fregerat,

234 1054 314 1093 Quia
337 1065 418 1095 pure
444 1058 541 1090 coluit
917 1065 1018 1097 Prece
1041 1067 1159 1098 munda
1183 1071 1312 1107 reparat

281 1103 475 1145 Creatorem,
963 1113 1018 1144 Ad
1042 1114 1191 1153 vigorem.

147 1159 205 1191 3a.
233 1159 287 1191 Ad
314 1160 474 1193 desertum
499 1163 611 1206 evolat,
835 1167 893 1201 3b.
916 1168 967 1200 Ibi
993 1178 1120 1201 carnem
1143 1175 1294 1215 macerat,

231 1206 345 1239 Nudus
372 1216 497 1240 crucem
521 1210 644 1250 baleat
915 1216 966 1248 Ibi
990 1226 1134 1257 pugnans
1159 1223 1289 1258 superat

277 1254 463 1289 Salvaton'S.
962 1263 1036 1296 Vim
1061 1265 1195 1299 ardeus.

144 1312 202 1344 4a.
229 1311 315 1343 Dum
339 1312 386 1343 sic
410 1312 535 1346 Christo
559 1316 685 1356 militat,
831 1318 891 1352 4b.
914 1318 1033 1357 Quibus
1060 1321 1124 1352 dux
1148 1324 1183 1353 ut
1207 1323 1320 1362 patuit,

228 1358 363 1391 Turmas
391 1358 527 1392 fratrum
554 1363 672 1395 excitat
911 1366 1000 1406 Apta
1023 1368 1095 1399 loca
1118 1370 1229 1401 statuit

272 1406 326 1438 Ad
351 1409 491 1448 aeterna,
961 1414 1025 1446 Ter
1050 1419 1212 1455 quaterna.

143 1463 199 1495 5a.
224 1462 297 1506 Eia,
324 1467 419 1503 pater
442 1474 628 1507 pauperum,
831 1469 890 1503 5b.
910 1471 987 1503 Tuis
1013 1470 1063 1503 fer
1088 1473 1249 1512 auxilium,

225 1510 289 1542 Per
309 1514 341 1543 te
365 1520 466 1544 noxas
491 1514 645 1545 scelerum
911 1519 959 1552 Ut
981 1516 1053 1559 p'ost
1078 1520 1140 1552 hoc
1165 1522 1311 1554 exsilium

223 1558 397 1599 Ignemque
420 1562 594 1592 tartareum
912 1566 1029 1598 Tecum
1054 1567 1116 1599 Dei
1139 1567 1239 1600 filium

270 1606 454 1639 Evadamus
464 1620 472 1649 3
957 1614 1139 1647 Videamus.

141 1663 195 1696 6a.
224 1662 289 1695 Ora
312 1672 372 1703 pro
397 1666 523 1697 tuorum
829 1668 885 1702 6b.
909 1670 955 1703 Ut
978 1680 1036 1703 nos
1061 1681 1081 1704 a
1104 1673 1243 1712 peccatis

156 1702 172 1714 ⁸
223 1710 315 1743 Statu
338 1710 477 1743 filiorum
909 1717 1044 1750 Mundet
1069 1721 1262 1759 perpetratis

269 1758 308 1789 In
334 1763 505 1799 conspectu
957 1764 1002 1796 Et
1027 1767 1081 1798 det
1106 1775 1175 1798 esse

318 1805 439 1837 Summi
463 1808 557 1847 regis,
1006 1813 1148 1846 Dextrae
1172 1816 1287 1856 gregis.

214 1875 327 1910 Hymni
362 1879 392 1904 et
422 1876 599 1913 Sequentiae
633 1888 685 1906 ms.
722 1879 750 1907 S.
781 1880 958 1909 Emmerami
992 1891 1068 1911 saec.
1104 1883 1146 1912 15.
1178 1885 1250 1913 Olm.
1280 1887 1448 1917 Monacens.

140 1910 248 1941 14667.
269 1929 307 1933 —
326 1914 395 1942 Mel.
418 1915 559 1943 offenbar:
579 1916 797 1946 Laetabundus.
819 1933 855 1937 —
876 1917 928 1954 612,
949 1918 967 1948 3
989 1924 1018 1948 et
1037 1921 1126 1950 donet
1144 1923 1199 1951 Hs.

547 2027 625 2060 '160.
664 2029 708 2061 De
731 2032 837 2062 sancto
860 2031 1032 2064 Benedicto.

87 2119 105 2125 „.
137 2097 192 2129 la.
222 2097 318 2130 Salve
342 2100 445 2138 pater,
470 2099 558 2130 salve
581 2100 645 2140 pie,
826 2102 883 2136 lb.
906 2103 970 2135 Per
994 2107 1027 2135 te
1050 2102 1131 2136 fides
1156 2105 1320 2148 solidatur,

217 2146 342 2177 Auctor
366 2146 561 2178 monachalis
584 2147 666 2188 viae,
905 2150 1007 2183 Error
1031 2153 1132 2184 omnis
1159 2152 1321 2198 effugatur,

218 2193 265 2225 Te
290 2193 453 2225 collaudat
476 2194 510 2225 in
533 2194 594 2226 hac
619 2196 671 2228 die
905 2198 1027 2231 Norma
1050 2200 1118 2232 veri
1142 2202 1348 2240 praedicatur

265 2241 381 2274 Unitas
405 2242 569 2275 ecclesiae.
953 2247 1153 2280 Consonante
1177 2251 1288 2289 gratia.

66 2305 69 2308 ·
134 2300 190 2332 2a.
217 2298 287 2331 Tua
313 2299 415 2331 dulcis
441 2302 491 2331 est
516 2299 670 2342 doctrina,
823 2302 881 2336 2b.
904 2304 1002 2336 Flore
1025 2306 1178 2337 mundum
1201 2307 1307 2340 brevis
1333 2312 1420 2343 aetas

215 2347 296 2388 Quia
318 2356 442 2380 morum
469 2347 638 2388 disciplina
905 2351 1036 2392 Spernit
1061 2354 1202 2394 gaudens
1228 2358 1259 2388 et
1283 2361 1423 2391 secretas

261 2394 317 2427 Fit
340 2395 511 2428 verborum
537 2397 660 2438 copula,
950 2400 1062 2433 Partes
1086 2402 1168 2442 petit
1192 2405 1298 2438 eremi.
