1653 2632
712 125 949 160 -17-

250 216 338 252 Trop.
364 225 418 245 ms.
439 219 621 248 Nivernense
648 228 723 248 saec.
748 219 791 248 11.
814 219 883 248 Ood.
903 221 1063 248 Parisiens.
1087 218 1171 248 9449.
1194 219 1229 246 A.
1251 234 1286 238 —
1308 219 1428 253 Antiph.
1457 220 1486 246 et

173 253 260 280 Grad.
276 254 459 284 Nivernense
479 266 554 286 saec.
578 256 622 287 12.
639 258 708 287 Cod.
722 258 882 286 Parisiens.
895 259 990 287 Nouv.
1007 266 1070 295 aeq.
1087 256 1168 286 1235.
1182 258 1216 285 B.
1230 272 1266 276 —
1282 255 1333 291 2a,
1355 255 1373 283 2
1387 256 1486 284 dulcia

171 299 251 318 nunc
270 292 330 320 AB.
351 309 389 313 —
409 292 462 329 212,
485 294 503 322 2
519 296 614 332 junge.
626 297 660 324 A.
680 313 719 317 —
741 294 795 331 312,
817 295 835 323 2
857 304 1029 332 magnorum
1042 297 1076 323 A.
1100 311 1133 315 —-
1157 294 1206 330 5a,
1229 294 1247 323 3
1267 295 1384 323 rabidas
1398 295 1432 322 A.
1447 310 1485 314 —

172 329 225 361 5b‚
246 327 264 358 3
285 331 388 366 perdes
410 334 571 369 aequivoca
589 335 623 362 A.
645 349 681 353 —
702 333 753 371 6a,
774 333 791 363 5
812 335 922 363 scelere
941 335 974 362 B.
997 351 1034 355 —
1053 334 1105 370 7b,
1126 332 1143 361 2
1164 337 1253 371 atque
1272 336 1384 361 mentes
1404 333 1463 360 AB.

625 426 667 457 10.
708 427 751 458 De
770 426 951 467 Epiphania
969 426 1027 458 DN.

172 494 231 526 ia.
257 493 336 527 Dies
361 495 453 528 nobis
479 495 691 527 laetabundus

256 541 342 574 Luce
367 543 471 574 clarus
501 545 532 573 et
553 542 712 581 jucundus

302 590 484 629 Plenusque
507 589 641 629 laetitia,

171 647 227 678 221.
256 646 398 678 Primum
424 646 493 678 dies
518 646 696 677 admiratur

252 692 408 724 Praesens
434 696 529 732 atque
556 693 758 732 conspicatur

299 739 429 771 Domini
458 740 656 780 miraculum,

169 798 223 830 3a.
250 796 315 828 Hic
338 797 372 828 in
396 795 527 828 flumine
551 796 695 829 Jordane

252 844 369 876 Sancto
394 844 525 884 praevio
551 845 697 878 Johanne

297 892 488 932 Baptizatur
512 892 625 935 hodie3

168 951 225 982 4a.
252 949 341 990 Magi
368 949 541 980 Dominum
565 953 721 981 venerunt

249 997 409 1038 Aclorare‚
434 997 612 1028 attulerunt

299 1044 427 1077 Christo
453 1044 537 1076 dona
561 1044 713 1084 mystica:

168 1102 223 1134 5a.
248 1100 365 1133 Sancte
394 1100 527 1141 spiritus
553 1100 699 1141 benigne,

251 1148 378 1180 Summe
402 1151 505 1188 pater,
534 1147 581 1180 fili
607 1148 701 1188 digne

296 1196 432 1228 Manens
457 1196 491 1227 in
517 1195 717 1236 coelestibus,

862 497 920 530 lb.
942 498 980 530 In
1006 506 1068 537 qua
1091 496 1179 528 Deus
1206 497 1424 528 demonstrare

942 544 1052 576 Voluit
1077 547 1108 576 et
1134 544 1299 576 declarare

990 591 1055 624 Sua
1078 590 1240 624 beneficia.

860 647 916 679 2b.
938 649 1033 688 Aqua
1057 648 1216 681 Christum
1240 646 1417 687 baptizavit

940 695 986 727 Et
1009 696 1043 727 in
1066 696 1174 728 vinum
1199 704 1234 727 se
1258 694 1393 726 mutavit

988 743 1051 775 Per
1074 743 1198 775 Mariae
1222 742 1330 775 filium.

859 798 917 831 3b.
940 799 1037 830 Pater
1060 800 1148 831 misit
1172 808 1268 839 super
1294 808 1363 830 eum

939 847 1174 879 Praedilectum
1199 855 1315 879 vocans
1337 854 1406 877 eum

987 894 1024 926 In
1049 895 1213 926 columbae
1237 893 1352 934 specie.

856 950 914 983 4b.
938 952 1062 982 Aurum
1086 952 1164 991 regi,
1191 951 1285 983 thura
1309 950 1378 982 Deo

938 997 1143 1038 Offeruntque
1168 1007 1274 1030 coram
1299 1006 1334 1029 eo

984 1046 1114 1077 Homini
1139 1046 1295 1077 mortalia.

855 1101 913 1134 5b.
937 1102 1052 1134 Omnes
1079 1103 1156 1134 velis
1180 1105 1212 1133 te
1239 1103 1410 1134 clamantes

935 1149 980 1181 Et
1003 1150 1088 1181 hunc
1113 1150 1196 1182 diem
1219 1152 1406 1182 venerantes

983 1196 1114 1229 Solvere
1144 1197 1338 1230 criminibus,

242 1260 325 1288 Miss.
353 1269 405 1288 ms.
426 1260 573 1287 Attilense
600 1261 670 1287 anni
700 1259 781 1288 1454.
804 1260 877 1288 Clm.
900 1261 1069 1289 Monacens.
1100 1259 1185 1290 3311.
1206 1262 1240 1289 A.
1261 1278 1300 1282 -—
1319 1262 1399 1290 Orat.
1426 1272 1480 1291 ms.

166 1298 402 1326 Undcrdorfense
422 1306 497 1326 saec.
521 1297 565 1326 15.
589 1298 661 1326 Clm.
681 1299 850 1326 Monacens.
871 1297 955 1327 7815.
976 1300 1010 1327 B.
1040 1316 1071 1320 —-
1090 1297 1142 1334 312,
1164 1298 1181 1327 2
1202 1300 1228 1329 1:
1248 1301 1454 1329 Paracletum?

593 1389 629 1420 11.
668 1390 703 1421 In
723 1389 904 1431 Epiphania
923 1390 1053 1422 Domini.

167 1464 221 1495 la.
249 1461 330 1502 Regi
354 1469 465 1501 regum
491 1461 643 1493 omniscio

244 1509 336 1541 Haec
364 1509 542 1549 gratuletur
568 1508 677 1540 concio

290 1557 384 1589 Mera
409 1557 558 1596 clangens
584 1556 750 1588 harmonia

338 1605 410 1637 Hac
439 1605 472 1636 in
499 1604 560 1636 die.

161 1664 217 1697 2a.
243 1662 369 1694 Novum
394 1670 479 1694 nova

287 1710 384 1750 jubar
408 1710 504 1741 stella
527 1708 704 1752 praedicat,

242 1757 349 1797 Magis
374 1757 477 1789 tribus
503 1756 626 1788 indicat

293 1804 396 1837 Cunas
422 1813 522 1844 usque
547 1803 680 1843 praevia

339 1852 411 1884 Hac
438 1851 471 1883 in
498 1851 558 1883 die.

161 1911 219 1943 Sa.
248 1908 331 1947 Quos
356 1908 480 1948 polluit,
508 1907 561 1947 qui
586 1907 717 1946 corruit,

289 1955 465 1987 Leviathae
490 1953 629 1996 fallacia,

239 2004 308 2036 Hos
334 2003 439 2035 abluit
462 2012 500 2035 ac
524 2002 631 2035 induit

291 2050 436 2084 Christus
460 2050 612 2091 baptismi
637 2049 741 2090 gratia

334 2100 407 2132 Hac
431 2099 464 2131 in
487 2099 549 2132 die.

155 2160 212 2191 4a.
240 2157 373 2190 Nullum
398 2156 599 2196 ptolemaica,

285 2205 418 2237 Nullum
442 2204 550 2235 turbet
576 2203 690 2243 unitas,

235 2253 363 2285 Emicat
387 2250 520 2284 uranica

285 2301 407 2333 Mundo
432 2300 528 2341 plene
552 2298 679 2332 trinitas

332 2350 433 2382 Plena
459 2357 528 2380 cum
552 2346 677 2378 laetitia

380 2396 451 2429 Hac
474 2397 508 2428 in
536 2395 597 2428 die.

208 2458 334 2482 Dreves‚
351 2456 496 2484 Sequentia„
508 2455 624 2479 Ineditae.
654 2455 685 2479 11.

852 1460 909 1493 lb.
932 1460 1037 1501 Digno
1060 1462 1178 1494 sudans
1205 1462 1369 1494 conamine

933 1508 1079 1549 Utroque
1103 1509 1223 1549 psallat
1247 1510 1382 1551 homine,

983 1555 1130 1589 Celebria
1154 1557 1219 1588 sint
1243 1558 1360 1598 gaudia

1026 1604 1098 1636 Hac
1121 1605 1155 1636 in
1179 1605 1239 1640 die.

850 1660 909 1693 2b.
932 1660 1036 1701 Reges
1061 1670 1169 1702 regem

979 1709 1058 1740 trini
1081 1710 1200 1741 trinum
1226 1710 1416 1750 quaeritant,

929 1755 1032 1788 Donis
1057 1756 1160 1788 tribus
1186 1757 1319 1788 visitant

979 1804 1056 1835 Tria
1080 1813 1140 1844 per
1163 1805 1317 1844 mysteria

1026 1851 1098 1883 Hac
1122 1852 1156 1883 in
1183 1852 1246 1886 die.

849 1907 907 1941 3b.
929 1907 1027 1947 Quem
1052 1907 1171 1940 famine
1194 1918 1256 1940 non
1283 1910 1403 1941 semine

979 1956 1043 1988 Sua
1069 1956 1215 1996 concepit
1237 1955 1315 1999 filia,

929 2004 967 2036 ln
990 2002 1120 2035 flumine
1144 2013 1201 2036 nos
1228 2005 1359 2037 crimine

976 2051 1079 2084 Lavet
1103 2053 1252 2093 ignorans
1276 2053 1356 2085 vitia

1024 2101 1096 2133 Hac
1119 2101 1152 2131 in
1180 2101 1241 2132 die.

846 2156 905 2191 4b.
928 2158 1015 2190 Voce
1040 2167 1097 2189 sua
1121 2158 1279 2197 promitur

976 2205 1110 2238 Genitor
1135 2214 1173 2237 ac
1194 2205 1329 2246 genitus,

925 2253 1015 2285 Alite
1039 2253 1182 2285 innuitur

973 2301 1149 2341 Utriusque
1171 2301 1315 2343 spiritus,

1022 2348 1143 2381 Cedant
1171 2350 1266 2381 certis
1293 2350 1391 2384 dubia

1065 2397 1137 2430 Hac
1160 2398 1194 2430 in
1221 2397 1281 2430 die.

1280 2454 1297 2482 2
