1653 2632
736 111 998 146 —278—

227 208 306 240 lOa.
333 207 358 240 O
383 207 495 239 beatae
519 207 598 238 coeli
621 209 752 246 mentes,
905 208 988 241 10b.
1008 208 1191 241 Incendafis
1216 208 1432 250 frigescentes,

332 253 554 286 Gubernentur
578 263 684 285 omnes
710 256 818 293 gentes
1009 256 1182 288 Illustretis
1206 256 1395 293 nescientes,

376 302 499 334 Vestris
523 301 725 340 ministeriis3
1054 303 1137 335 Insit
1161 312 1219 335 rex
1242 302 1451 343 praecordiis.

226 358 266 391 11
274 367 303 392 a.
327 358 552 397 impugnantes
578 360 763 397 expugnate,
902 359 984 392 11b.
1007 359 1187 392 Imbecilles
1210 360 1370 398 roborate,

327 405 548 444 Principantes
574 404 729 444 ordinate,
1007 406 1137 439 Summa
1160 407 1289 439 summis
1313 406 1468 446 nuntiate,

373 451 541 483 Praesides
568 451 705 491 dirigite,
1054 454 1159 486 Parva
1187 454 1296 493 parvis
1323 454 1430 486 dicite.

224 508 303 541 12a.
329 507 393 540 Sed
417 511 461 545 tu,
486 510 579 547 pater
604 510 635 538 et
660 508 725 539 dux
748 508 840 552 bone,
901 510 983 544 1210.
1005 510 1125 550 Legem
1148 519 1234 550 pone
1257 511 1479 543 mandatorum

324 555 435 587 Victor
459 555 558 586 hostis
583 557 616 586 et
639 558 773 594 patrone
1008 557 1139 597 Nosque
1164 557 1269 589 choris
1295 559 1478 598 angelorum

370 601 510 633 Michael
531 601 684 641 fidelium,
1053 603 1208 637 Transfer
1230 608 1305 645 post
1330 606 1484 638 exsilium.

297 665 375 693 Orat.
395 675 448 693 ms.
469 665 615 694 Gallicum
634 673 710 693 saec.
734 664 778 693 15.
793 664 862 694 Cod.
883 676 906 694 s.
928 669 1003 703 sign.
1025 669 1141 696 Musaei
1153 669 1349 697 Ferdinandei
1365 670 1523 706 Oenipont.

217 702 286 739 (vgl.
307 703 527 731 Jahresbericht
546 701 628 734 18>=7‚
648 704 798 731 Handsch.
817 705 872 732 No.
895 703 931 739 9).
950 721 990 725 —
1006 706 1065 734 Die
1085 706 1218 743 Sequenz
1238 708 1279 734 ist
1294 708 1347 735 auf
1363 708 1411 736 die
1432 709 1526 736 Prose

217 741 351 777 gleiehen
363 741 493 777 Anfangs
514 741 549 768 de
569 749 591 768 s.
607 742 762 769 Dominieo
783 742 924 778 gemacht.
939 758 975 762 —
992 742 1043 778 2a,
1063 742 1081 772 3
1098 744 1221 773 Scandit
1232 747 1327 773 nostri
1341 747 1471 782 spiritus.
1484 762 1525 766 —

217 778 269 813 4³,
291 778 306 806 1
331 779 479 806 Ordinum.
501 793 539 797 —
558 778 609 811 41),
630 777 647 805 2
668 779 785 815 Singuli
802 781 882 816 quia;
903 781 951 808 Ps.
973 779 1037 815 146,
1057 781 1084 810 4.

686 871 751 903 376.
788 871 831 903 De
853 880 892 903 ss.
911 873 1049 913 Angelis.

217 933 272 964 la.
300 932 537 972 Paranymphos
564 932 644 964 coeli
668 933 762 973 regis,
899 934 955 968 lb.
978 935 1105 967 Montes
1129 936 1184 967 isti
1210 937 1295 969 circa
1318 938 1467 969 thronum

299 977 492 1011 Defensores
515 979 633 1011 Christi
655 981 759 1020 gregis
979 982 1211 1023 Nuncupantur
1231 985 1325 1023 juxta
1350 985 1474 1028 donum,

344 1026 497 1059 Vocemus
521 1027 675 1067 suspiriis,
1026 1030 1116 1068 Quod
1140 1030 1261 1063 habent
1284 1041 1363 1071 prae
1387 1033 1468 1065 aliis

218 1085 274 1116 2a.
302 1083 389 1115 Coeli
411 1084 531 1123 triplex
552 1083 743 1124 hierarchia,
896 1085 953 1118 2b.
976 1086 1067 1117 Haec
1089 1086 1216 1126 perficit
1241 1098 1298 1120 nos
1324 1092 1354 1120 et
1379 1093 1505 1133 purgat,

297 1130 415 1171 Vigens
439 1131 496 1162 sub
521 1140 585 1162 una
608 1132 731 1174 sophia,
976 1134 1150 1173 Illuminat‚
1176 1136 1262 1167 uncle
1286 1140 1394 1176 surgat

344 1178 441 1210 Trino
466 1177 574 1210 fruens
598 1179 726 1218 lumine,
1023 1181 1144 1213 Nostra
1166 1191 1255 1214 mens
1280 1193 1299 1215 a
1324 1184 1464 1217 crimine.

217 1235 274 1269 3a.
301 1234 549 1273 Contemplando
580 1235 654 1266 dum
671 1236 834 1278 accedunt,
895 1236 952 1269 3b.
971 1237 1089 1269 Hostes
1112 1242 1230 1282 arcent,
1255 1240 1357 1279 justos
1383 1244 1502 1282 tegunt,

297 1282 375 1314 Cum
388 1282 568 1321 mittuntur,
593 1291 656 1313 non
672 1283 834 1324 recedunt,
973 1285 1099 1317 Fovent
1122 1287 1202 1325 pios,
1233 1296 1310 1326 quos
1340 1292 1370 1319 et
1395 1292 1520 1329 regunt,

343 1329 433 1359 Intra
456 1328 558 1359 Deum
584 1330 747 1371 cursitant,
1023 1332 1194 1365 Desolatos
1218 1335 1359 1368 visitant.

214 1386 270 1416 4a.
299 1384 376 1416 Cum
400 1385 465 1415 sint
486 1385 540 1416 isti
564 1388 629 1416 tam
652 1386 746 1429 beati,
890 1387 951 1421 4b.
973 1388 1020 1420 Ut
1042 1398 1081 1420 ex
1104 1389 1184 1429 ipsis
1210 1390 1364 1432 integrari

295 1431 395 1463 Nobis
420 1434 525 1463 tamen
551 1432 715 1473 despicafi,
973 1436 1101 1468 Possint
1125 1437 1238 1476 hisque
1261 1439 1387 1472 sociari.

342 1478 476 1510 Nostras
500 1487 611 1518 preces
637 1479 792 1519 deferunt,
1020 1482 1152 1515 Sanctos
1177 1484 1229 1516 hic
1251 1494 1315 1517 non
1341 1487 1501 1521 deserunt.

215 1537 270 1568 5a.
297 1535 321 1567 Ο
348 1544 441 1574 quam
466 1535 549 1567 cives
575 1536 608 1567 hi
633 1535 753 1576 felices,
892 1539 950 1572 5b.
969 1539 1039 1571 Hos
1062 1539 1200 1572 fidenter
1226 1541 1444 1584 deprecemur,

296 1582 355 1621 Qui
388 1583 462 1614 dum
488 1583 617 1622 explent
640 1593 712 1615 suas
736 1585 831 1626 vices,
971 1587 1018 1619 Ut
1042 1587 1082 1618 ab
1106 1588 1185 1627 ipsis
1211 1589 1409 1630 adjuvemur,

342 1628 474 1669 Semper
499 1628 562 1661 frui
585 1630 710 1673 sitiunt;
1018 1635 1168 1667 lnvidere
1190 1637 1346 1670 nesciunt.

285 1695 401 1722 Prosar.
428 1704 481 1722 ms.
503 1694 658 1723 Coelestin.
689 1696 726 1723 ad
746 1696 775 1724 S.
796 1695 910 1726 Mariae
929 1699 1061 1727 Parisius
1087 1708 1162 1728 saec.
1183 1699 1258 1729 14l15.
1279 1701 1349 1730 Ood.
1372 1704 1515 1732 Mazarin.

209 1731 274 1760 447.
303 1731 387 1767 (757).
410 1733 446 1761 A.
470 1749 508 1753 —
531 1734 614 1761 Miss.
639 1743 693 1762 ms.
720 1735 876 1763 Coelest-in.
900 1737 1060 1764 Parisiens.
1086 1746 1162 1766 saec.
1193 1737 1238 1766 15.
1266 1739 1335 1768 Cod.
1355 1741 1515 1770 Parisiens.

209 1769 340 1805 (Arsen.)
364 1769 429 1798 200.
449 1772 482 1799 B.
502 1787 540 1791 —
559 1772 627 1799 Mel.
646 1784 685 1794 =
703 1773 792 1801 Mane
810 1776 907 1810 prima
925 1775 1060 1810 Sabbati,
1087 1777 1235 1804 nat-iirlich
1260 1778 1345 1807 nieht
1364 1780 1440 1808 ohne
1466 1781 1514 1809 die

209 1809 435 1845 weitgehendste
452 1810 710 1847 Vei-gewaltigung
729 1811 888 1840 derselben.
911 1828 950 1832 —
971 1812 1020 1847 4³,
1040 1811 1059 1840 2
1077 1814 1098 1841 l.
1119 1815 1279 1843 destinati?

628 1902 690 1933 377.
729 1903 773 1934 De
793 1904 911 1935 sanctis
929 1905 1096 1945 Apostolis.

211 1960 265 1995 la.
293 1961 452 1993 Creatoris
475 1962 571 1994 laude
594 1963 648 2002 pie
889 1966 947 1999 lb.
968 1967 1133 2006 Apostolis
1158 1969 1343 2002 solemnizat

290 2008 388 2040 Festa
411 2017 506 2048 agens
527 2010 562 2041 in
585 2010 646 2041 hac
670 2010 722 2042 die
970 2015 1049 2047 Jure
1070 2015 1182 2046 horum
1207 2019 1238 2047 et
1262 2016 1425 2057 hymnizat

340 2053 463 2089 Jubilat
487 2057 629 2100 ecclesia,
1016 2061 1121 2102 Digna
1145 2072 1205 2102 pro
1229 2065 1390 2097 memoria.

211 2113 265 2144 2a.
291 2112 428 2151 Quorum
453 2113 538 2144 dicta
562 2112 767 2146 fundamenta
888 2116 946 2149 210.
966 2117 1011 2149 Hi
1035 2121 1110 2149 sunt
1133 2122 1242 2158 patres
1266 2121 1473 2162 principales,

292 2158 372 2190 Sunt
395 2162 426 2190 et
449 2160 570 2199 scripta
594 2161 803 2194 instmmenta
968 2164 1073 2197 Duces
1098 2167 1201 2207 gregis
1226 2169 1389 2209 generales

337 2207 400 2238 Pro
425 2207 527 2238 salute
551 2208 721 2248 hominum,
1017 2213 1071 2244 Ad
1097 2217 1280 2247 cunctorum
1304 2216 1472 2248 Dominum

210 2263 266 2295 ea.
290 2263 511 2306 Propinantes,
543 2273 622 2304 quae
644 2265 826 2306 hauserunt,
887 2267 943 2300 3b.
967 2269 1033 2308 Quo
1059 2271 1164 2302 vocati
1190 2274 1222 2303 et
1245 2273 1339 2303 electi

290 2309 520 2351 Ministrantes,
535 2321 616 2351 quae
628 2316 830 2352 sumpserunt
968 2315 1070 2348 Gente
1094 2318 1179 2349 omni
1203 2328 1241 2350 ac
1263 2318 1411 2362 profecti,

334 2356 472 2389 Messiae
495 2360 684 2401 praesentia,
1014 2363 1109 2396 Docti
1134 2369 1206 2396 sunt
1230 2367 1379 2406 ingentia.
