1653 2632
725 126 986 162 —186—

205 234 261 266 3a.
287 232 312 264 Ο
344 239 437 271 quam
461 229 556 261 beata
579 226 695 268 patria,
885 221 944 255 3b.
965 220 1011 252 Et
1033 227 1075 250 ne
1098 217 1155 249 fiat
1177 215 1310 257 invidia,

282 279 322 310 In
346 287 408 318 qua
430 285 507 309 vera
528 274 654 315 justitia
967 268 1033 299 Pro
1058 264 1169 305 quavis
1192 262 1370 304 indigentia

333 325 425 357 Justa
448 323 587 364 partitur
611 320 763 361 praemia,
1016 312 1169 346 Omnibus
1194 310 1291 342 donat
1315 309 1431 342 omnia.

203 384 262 416 4a.
286 382 381 415 Felix
404 389 530 421 sponsa,
556 377 667 410 felices
684 375 826 415 nuptiae,
885 371 945 405 4b.
967 370 1019 404 Ibi
1043 369 1125 401 nihil
1148 368 1242 400 adest
1265 366 1426 407 tristitiae,

286 429 404 468 Quibus
427 427 534 459 nullae
552 426 664 458 desunt
684 422 827 462 deliciae,
967 418 1020 451 Ibi
1043 416 1125 448 nihil
1149 415 1240 446 abest
1263 414 1416 450 laetitiae,

334 475 453 514 Quibus
477 474 564 505 Deus
590 475 638 503 est
662 470 763 509 copia.
1015 464 1067 497 Ibi
1091 463 1180 495 nulla
1204 461 1324 501 inopia.

205 535 259 566 5a.
286 532 350 564 Hic
374 531 427 570 qui
451 529 553 569 possit
577 526 744 567 reprobari
886 522 946 557 5b.
966 521 1026 560 Qui
1052 524 1084 552 et
1106 522 1197 551 veste
1221 518 1357 558 nuptiali

285 578 401 611 Nullus
422 579 529 616 potest
553 574 687 614 epulari,
967 569 1013 601 Et
1037 576 1146 601 amore
1169 566 1262 598 filiali

333 625 417 656 Nam
440 624 499 655 hos
524 621 666 654 admittit
689 620 803 662 gratia,
1018 616 1142 648 Ornant
1165 623 1223 646 sua
1247 612 1373 644 cubilia.

206 684 261 716 6a.
287 682 360 714 Non
386 683 435 712 est
461 688 540 719 opus
564 678 617 710 hic
640 677 770 717 speculo
887 673 947 708 6b.
967 673 1042 705 Non
1066 675 1114 703 est
1137 671 1227 702 locus
1251 670 1306 701 hic
1327 667 1486 709 profanis,

287 728 357 760 Nec
378 727 535 767 lippiente
556 725 658 761 oculo,
968 719 1208 752 Transvadatus
1233 720 1280 749 est
1304 715 1466 758 Jordanis,

334 774 455 807 Rachel
479 775 601 814 regnat,
628 772 715 803 cedit
737 770 815 811 Lia3
1016 767 1105 799 Ecce
1128 766 1287 806 promissa
1307 763 1426 804 patria.

208 835 226 867 7
234 843 262 865 a.
287 832 351 864 Hic
379 829 686 868 incircumscriptum
711 828 827 869 lumen,
888 825 948 858 7b.
972 824 1037 857 Hic
1061 826 1110 854 est
1130 822 1224 862 panis
1245 821 1442 861 angelorum,

287 879 351 912 Hic
376 881 426 910 est
446 885 548 917 aquae
569 877 663 908 vivae
685 873 813 916 fiumen,
971 871 1036 903 Hic
1059 869 1191 902 affectus
1214 868 1381 900 beatorum

335 926 399 958 Hic
424 928 471 956 est
488 933 586 964 agnus
604 931 663 962 pro
680 923 829 962 lucerna3
1018 918 1065 950 Et
1074 917 1156 949 haec
1169 918 1283 947 cuncta
1290 917 1365 946 sunt
1372 916 1515 945 aeterna.

209 986 264 1018 8a.
289 983 354 1015 Hic
379 985 438 1016 est„
463 980 511 1013 fili
535 979 703 1018 Zebedaei,
892 975 951 1010 8b.
971 974 1023 1007 Ibi
1046 974 1161 1005 sedens
1184 981 1243 1003 nos
1263 971 1379 1003 exaudi

290 1030 379 1070 Quod
403 1028 587 1068 quaerebas,
613 1035 744 1066 regnum
760 1024 832 1064 Dei,
974 1022 1171 1054 Assistentes
1195 1021 1270 1051 tuae
1294 1018 1384 1050 laudi

336 1076 400 1108 Hic
424 1078 471 1107 est
494 1075 645 1114 majestas
668 1073 776 1114 regia3
1020 1068 1066 1100 Et
1088 1067 1274 1108 propulsato
1297 1065 1387 1097 vitia.

584 1132 614 1164 9.
640 1130 725 1168 Fac,
749 1130 894 1168 patrone,
920 1125 1006 1166 quod
1024 1133 1204 1164 precamur,

640 1177 687 1209 Ut
710 1178 840 1207 cantare
862 1182 1040 1205 mereamur

687 1224 726 1256 111
752 1225 883 1255 aeterna
904 1220 1039 1253 laetitia.

290 1283 360 1312 Cod.
381 1283 569 1310 Admtntens.
590 1278 655 1308 739.
676 1287 751 1307 saec.
772 1276 818 1306 12.
839 1277 904 1305 add„
925 1285 1000 1304 saec.
1024 1273 1069 1303 13.
1092 1290 1129 1294 —
1148 1274 1208 1301 Hit
1224 1273 1294 1300 Mel.
1313 1274 1346 1299 in
1364 1272 1508 1299 Neumen.

565 1372 634 1402 248.
676 1371 721 1401 De
740 1378 764 1401 s.
786 1369 927 1401 Johanne
945 1366 1167 1407 Evangelista.

215 1438 269 1470 la.
296 1435 374 1467 Dies
395 1435 468 1474 ista,
495 1442 575 1473 quae
599 1434 725 1464 sacrata
895 1428 954 1462 lb.
976 1428 1042 1460 Dat
1065 1427 1187 1459 mirari.
1216 1426 1274 1459 dat
1295 1424 1412 1456 laetari

342 1481 495 1521 producit
519 1480 681 1517 solemnia,
1025 1475 1077 1507 De
1101 1474 1257 1508 :Iohannis
1282 1472 1394 1513 gloria.

214 1542 271 1573 2a.
297 1538 362 1571 Hic
387 1538 505 1569 electus
528 1540 560 1568 et
585 1536 719 1568 dilectus
896 1532 957 1566 2b.
979 1532 1042 1565 Est
1064 1531 1219 1571 probatus
1245 1533 1278 1562 et
1299 1531 1432 1561 vocatus

343 1585 405 1617 Dei
430 1584 620 1616 secretarius
1025 1579 1174 1611 Tonitrui
1197 1577 1293 1610 filius.

215 1645 271 1677 3a.
296 1643 398 1675 Amor
419 1641 532 1681 prolis,
556 1642 643 1671 tutor
665 1639 786 1677 matris,
896 1636 957 1670 3b.
977 1636 1043 1668 Hic
1065 1635 1213 1675 magistri
1238 1634 1288 1666 sui
1309 1631 1430 1666 Christi

346 1689 432 1721 Coeli
455 1696 592 1728 praepes
616 1687 733 1726 aquila,
1025 1683 1201 1715 Aemulans
1225 1681 1363 1721 vestigia

296 1736 391 1769 Nube
413 1735 505 1768 verbi
528 1738 619 1767 tonat
643 1734 713 1766 orbi
980 1730 1023 1763 Se
1049 1730 1176 1762 devovit
1203 1733 1235 1761 et
1258 1727 1396 1761 removit

343 1784 580 1824 Soripturarum
603 1780 743 1815 flumina.
1027 1779 1059 1810 A
1085 1778 1160 1810 dote
1182 1777 1307 1810 uxoria.

217 1844 274 1875 4a.
292 1841 442 1874 illibatus
466 1842 670 1879 incorruptus
898 1836 956 1869 4b.
978 1835 1166 1868 Penetravit
1191 1838 1222 1866 et
1246 1832 1394 1874 profudit

346 1889 378 1920 A
400 1887 533 1927 pudoris
557 1886 692 1927 macula,
1029 1882 1150 1915 Divina
1173 1882 1312 1914 oracula.

221 1948 272 1979 52.
300 1946 407 1984 Supra
430 1946 541 1983 pectus
566 1942 740 1974 reclinatus
902 1939 960 1974 5b.
981 1939 1083 1972 Matri
1107 1939 1183 1971 Jesu
1210 1939 1278 1978 ejus
1299 1939 1393 1977 jussu

348 1991 485 2023 Deitatis
511 1990 680 2029 conscium,
1031 1987 1228 2027 Subrogatus
1254 1985 1377 2018 assecla

299 2039 465 2078 Epotavit,
492 2037 647 2069 eructavit
982 2034 1095 2066 Mente
1117 2043 1222 2074 prona
1244 2033 1295 2065 illi
1321 2042 1399 2065 cura

350 2086 459 2121 Omne„
484 2085 569 2124 quod
594 2087 643 2115 est
663 2082 843 2122 mysticum.
1033 2081 1194 2113 Successit
1216 2081 1348 2113 vicaria.

222 2144 276 2176 6a.
302 2142 393 2174 Vidit
417 2141 528 2180 Roma,
552 2140 637 2180 quod
663 2138 720 2170 sub
745 2137 846 2170 multa
904 2137 963 2171 6b.
984 2138 1103 2170 Patent
1126 2141 1215 2170 astra
1239 2142 1272 2169 et
1295 2140 1411 2177 operta

352 2189 485 2221 Senatus
509 2187 689 2227 frequentia
1032 2186 1190 2217 Visuntur
1212 2185 1377 2226 mysteria,

303 2236 462 2275 Virginali
488 2235 583 2266 cessit
607 2233 696 2266 carni
986 2230 1075 2264 Pace
1100 2233 1178 2264 data
1201 2233 1329 2272 plaudit
1354 2235 1424 2266 tota

352 2282 498 2314 Flamma
521 2281 675 2321 oleagina„
1034 2279 1195 2311 Redeunti
1219 2281 1310 2312 Asia.

308 2329 461 2369 Relegato
486 2333 517 2360 et
543 2329 690 2360 damnato
987 2326 1148 2358 Rediviva
1169 2327 1293 2366 spirant
1317 2327 1387 2359 vita

354 2376 428 2407 Non
453 2378 499 2406 est
525 2375 614 2406 exsul
638 2374 752 2414 gratia.
1037 2373 1192 2413 Ephebus
1218 2378 1249 2405 et
1271 2374 1380 2406 vidua.
