1653 2632
695 145 956 180 —285—

523 240 589 272 389.
628 240 672 271 De
695 239 874 271 confessore
893 244 953 268 non
973 234 1128 267 Pontifice.

169 311 226 344 la.
254 312 333 355 Ave,
362 319 485 353 gemma
511 309 736 349 confessorum,
855 307 914 340 lb.
936 306 985 337 Tu
1009 302 1156 344 perfusus
1182 301 1261 333 coeli
1285 308 1367 338 rore,

251 359 377 391 Micans
398 359 433 391 in
457 359 523 390 alta
546 358 701 397 polorum,
939 352 1085 385 Para-disi
1105 349 1163 382 fios
1191 349 1314 385 decore,

252 407 347 438 Vitae
370 406 524 438 virtutum
550 407 582 436 et
605 413 727 436 morum
938 400 1048 433 Vincis
1072 397 1250 430 balsamum
1276 394 1383 431 odore,

300 454 477 493 Exemplar
503 452 677 493 egregium
988 446 1133 479 Candens
1157 444 1231 483 plus
1257 451 1349 482 quam
1368 440 1480 471 lilium.

170 513 226 543 221.
253 510 358 550 Salve,
383 510 507 550 lampas
534 511 566 539 et
588 508 729 547 lucerna,
857 505 914 538 2b.
936 504 985 536 Tu
1007 503 1057 535 vir
1080 501 1215 533 mundus
1240 499 1317 534 vita,
1343 500 1427 528 totus

253 557 342 590 Luce
366 558 474 589 lucens
499 556 702 595 sempiterna,
936 552 975 584 In
1000 550 1115 582 amoris
1140 547 1228 580 fonte
1251 546 1344 584 lotus,

254 605 301 637 Te
325 604 527 637 Hierusalem
551 611 689 642 superna
938 598 1025 637 Pius,
1051 596 1178 629 fervens
1203 596 1235 625 et
1261 593 1391 625 devotus

300 653 436 692 Recepit,
461 660 531 682 cum
556 649 688 690 gaudi03
985 646 1024 678 In
1048 644 1110 676 Dei
1135 641 1273 674 servitio.

171 712 229 744 3a.
256 709 379 749 Gaude,
404 708 479 748 quia
501 705 657 738 refulsisti
858 703 915 736 3b.
941 702 1005 735 Ora
1028 700 1110 733 votis
1136 697 1278 730 caritatis

255 758 352 789 Velut
376 756 424 787 sol
448 756 481 786 in
507 754 626 793 templo
654 752 789 791 Christi3
938 749 1073 781 Fontem
1098 747 1198 779 omnis
1222 742 1384 783 bonitatis,

257 806 356 845 Quem
381 802 566 844 quaerebas,
591 800 740 832 invenisti
943 797 988 830 Ut
1016 796 1068 828 det
1092 794 1183 826 nobis
1210 801 1280 823 cum
1303 790 1405 821 beatis

306 852 411 892 Supra
435 853 522 882 astra
547 848 676 889 gloriae.
989 843 1053 875 Sua
1077 840 1141 873 frui
1165 839 1257 872 facie.

246 918 331 945 Miss.
359 925 412 944 ms.
436 915 596 943 Sanctense
616 922 638 940 s.
660 913 735 948 sign.
757 919 832 939 saec.
857 908 901 937 15.
922 909 956 936 A.
976 923 1013 927 —
1032 907 1114 934 Mist.
1135 913 1188 932 ms.
1207 901 1481 937 Recklinghusense

171 958 243 984 anni
271 954 357 984 1475.
390 954 463 981 Clm.
490 953 659 980 Monacens.
688 949 723 977 10
733 947 799 976 074.
825 949 858 976 Β.
886 962 923 966 -
949 947 1032 973 Miss.
1061 953 1112 971 ms.
1142 942 1288 971 Oai-melit.
1314 939 1482 966 Monacens.

171 1003 248 1022 saec.
278 992 323 1021 15.
354 992 425 1020 Cim.
453 992 622 1019 Monacens.
650 986 734 1016 8664.
761 986 792 1014 C.
817 1000 855 1005 —
873 984 944 1012 Mel.
967 982 1138 1018 jedenfalls:
1163 980 1293 1008 Verbum
1318 978 1428 1005 bonum
1455 977 1486 1001 et

171 1041 272 1060 suave.
294 1047 333 1052 —
353 1031 406 1058 Als
427 1030 463 1057 de
483 1038 507 1057 s.
527 1028 693 1063 Augustino
716 1025 747 1052 C.
767 1040 807 1044 —
827 1022 877 1057 la,
899 1020 916 1050 3
940 1022 1103 1057 Augustino
1122 1021 1155 1046 tu
1173 1025 1287 1045 morum
1307 1015 1340 1042 C.

599 1118 667 1150 390.
713 1117 757 1148 De
779 1114 916 1156 quolibet
934 1114 1073 1144 Doctore.

198 1197 254 1230 la.
280 1195 404 1233 Pangat
427 1192 539 1223 nostra
564 1188 671 1221 concio
886 1184 946 1217 lb.
967 1183 1052 1214 Puro
1079 1180 1183 1218 corde,
1209 1179 1315 1209 mente
1337 1176 1392 1216 pia

278 1243 312 1274 in
335 1242 516 1273 sanctorum
541 1236 643 1278 gloria
965 1229 1095 1261 laudum
1122 1227 1247 1260 Christo
1273 1224 1420 1256 carmina.

196 1304 252 1335 22„
281 1299 340 1339 Qui
367 1298 495 1330 diversa
885 1288 943 1321 2b.
966 1286 1078 1320 Pravis
1106 1292 1235 1324 poenas,

278 1356 337 1388 pro
362 1345 549 1377 meritorum
574 1340 726 1381 qualitate
967 1333 1084 1374 gaudia
1105 1330 1198 1371 J'ustis
1224 1328 1415 1367 sempiterna

281 1393 445 1427 distribuit
470 1398 612 1427 munera,
966 1382 999 1413 in
1024 1380 1101 1412 sede
1126 1378 1284 1410 aetherea.

196 1455 253 1487 Sa.
278 1451 345 1484 Ubi
375 1449 454 1481 odor
886 1439 942 1473 3b.
964 1438 1051 1470 Laus
1075 1434 1243 1476 praeclara

278 1496 451 1531 ineffabilis
477 1494 605 1534 fraglat,
966 1485 1165 1517 incessanter
1188 1480 1333 1512 resultat.

195 1560 252 1591 4a.
279 1555 477 1596 Angelorum
885 1543 943 1577 4b.
967 1540 1194 1582 Apostolorum

278 1603 404 1642 militia,
433 1597 689 1640 patriarcharum
966 1597 1056 1621 sacer
1082 1588 1205 1624 chorus,
1231 1585 1375 1616 laureata

278 1650 570 1691 prophetarumque
597 1645 734 1683 caterva,
968 1639 1144 1675 martyrum
1169 1640 1292 1673 quoque
1316 1630 1453 1671 agmina⁷

199 1710 255 1742 5a.
284 1704 507 1741 Confessomm
887 1695 946 1728 5b.
968 1694 1062 1726 Nova
1088 1691 1174 1724 dulci

280 1753 503 1793 virginumque
526 1751 632 1780 turma
967 1749 1046 1773 voce
1070 1739 1218 1779 promunt
1245 1735 1377 1767 cantica.

200 1814 257 1846 6a.
282 1811 354 1843 Hac
380 1808 507 1849 quidem
530 1806 565 1837 in
592 1804 643 1836 die
888 1799 946 1832 6b.
971 1798 1038 1836 Qua
1065 1795 1167 1827 carnis
1194 1796 1305 1825 exutus

283 1857 386 1890 sancti
409 1854 515 1889 Laudi
972 1844 1129 1884 ergastulo

284 1903 460 1938 venerandi
484 1899 637 1933 solemnia
970 1901 1069 1932 regna
1092 1890 1186 1930 petiit
1210 1896 1336 1928 supera.

202 1966 257 1998 7a.
285 1963 352 2002 Quo
376 1966 585 2001 supernorum
609 1954 745 1987 concivis
889 1950 948 1984 7b.
968 1948 1167 1982 Jucundatur
1192 1947 1225 1977 et
1243 1944 1382 1976 exsultata

284 2010 387 2043 factus
414 2011 446 2040 et
471 2006 613 2044 conviva,
969 1997 1004 2028 in
1031 1995 1127 2028 laude
1152 1996 1184 2025 et
1207 1992 1318 2033 gloria.

200 2072 258 2105 8a.
284 2068 352 2101 Nos
378 2075 453 2107 ergo
478 2063 561 2096 tanti
584 2060 686 2102 patris
888 2054 948 2089 8b.
971 2051 1231 2092 Congratulantes
1259 2049 1287 2080 ei

283 2117 337 2157 pio
362 2113 491 2147 modulo
517 2119 609 2143 sacra
969 2101 1037 2133 Deo
1062 2096 1334 2139 symphonizando

285 2162 540 2196 concelebremus
565 2156 649 2189 festa
970 2157 1049 2181 voce
1071 2145 1275 2185 mixolydiea.

201 2226 258 2258 9a.
285 2219 430 2261 Supplici
456 2216 553 2249 corde
889 2207 947 2242 9b.
969 2206 1016 2239 Ut
1040 2204 1142 2236 sancti
1166 2201 1288 2234 meritis

284 2270 352 2310 ejus
380 2267 475 2307 digna
971 2253 1020 2286 sui
1045 2255 1169 2284 nostras

284 2318 453 2359 poscentes
476 2310 645 2352 magnalia,
970 2299 1119 2342 purificet
1143 2298 1264 2330 animas

177 2379 258 2413 10a.
285 2374 457 2414 Sanctique
482 2370 615 2411 spiritus
866 2360 948 2395 10b.
972 2359 1037 2398 Quo
1063 2355 1223 2398 spirituali

282 2424 409 2465 repleat
433 2419 545 2462 gratia.
973 2406 1078 2440 edocti
1103 2404 1235 2444 cithara,
