1653 2632
703 137 965 173 —153—

199 221 254 253 3a.
284 221 384 255 Cruce
404 228 538 258 mortem
555 229 608 268 qui
628 231 801 265 substravit
884 236 942 271 3b.
962 238 1048 270 Fera
1072 240 1175 280 signat
1200 242 1431 284 redemptorem

281 269 413 311 Signum
437 275 539 306 crucis
566 276 792 313 demonstravit
963 285 1008 317 Et
1032 290 1165 319 venatur
1189 294 1371 323 venatorem

328 319 417 352 Inter
443 323 528 354 cervi
554 332 680 368 cornua,
1013 333 1202 373 sequentem
1226 346 1286 376 per
1310 339 1421 373 ardua.

196 373 254 407 4a.
283 374 435 409 Gressum
458 379 524 419 figit
551 383 581 412 et
606 381 721 416 affatur
883 388 941 421 4b.
966 389 1060 423 Cedit
1084 399 1183 432 error,
1209 394 1288 426 fides
1316 395 1410 428 datur

281 422 326 454 Et
349 424 501 458 Placidus
526 428 703 463 admiratur
962 436 1008 468 Et
1031 437 1070 469 ab
1095 439 1165 478 ipso
1191 442 1393 481 requiruntur

326 470 443 504 Tactus
469 473 531 506 Dei
554 477 668 518 gratia,
1009 485 1165 525 Baptismi
1189 490 1349 528 mysteria.

195 526 251 559 5a.
278 527 387 560 Mores
410 533 511 562 mutat
536 534 631 572 atque
654 543 778 576 nomen,
882 539 941 572 5b.
961 540 1015 572 Fit
1037 543 1164 581 jactura
1186 546 1415 579 mundanorum

275 574 399 607 Bonum
427 578 536 610 turbat
561 588 600 611 ex
624 580 685 613 hoc
707 591 798 616 omen
962 588 1026 621 Sed
1051 598 1124 629 spes
1149 591 1233 624 levat
1258 596 1456 627 aeternorum

324 622 489 663 Serpentis
514 627 673 669 nequitia3
1008 635 1133 669 Justum
1156 648 1176 671 a
1200 640 1337 673 miseria.

192 677 249 710 6a.
277 678 387 711 Pudor
412 681 494 721 cogit
520 684 668 725 exsulari,
879 689 936 722 6b.
962 690 1015 723 Sic
1039 691 1176 726 afflictus
1200 697 1435 736 temptamentis

274 726 372 765 Quem
397 728 521 760 solebat
542 733 689 764 venerari
961 738 1125 773 Indefesso
1150 744 1234 774 statu
1258 746 1372 777 mentis

322 772 467 807 Caesaris
496 777 621 819 militia,
1007 787 1116 820 Calcat
1139 791 1237 821 saecli
1260 792 1361 826 devia.

189 829 208 860 7
216 838 244 860 a.
273 828 327 861 Sic
350 830 393 862 ad
418 841 506 864 mare
530 837 715 873 pervenitur
877 841 934 874 7b.
955 842 1046 875 Uxor
1068 845 1152 877 male
1176 851 1339 880 coercetur

270 876 315 908 Et
337 878 458 910 ibidem
483 880 644 914 invenitur
956 889 1001 921 Et
1024 900 1083 930 pro
1108 894 1202 926 naulo
1229 895 1397 937 detinetur,

318 924 426 958 Nauia
455 926 537 960 freto
561 931 695 974 saevior,
1003 938 1059 970 Fit
1081 943 1214 980 uterque
1236 942 1368 975 tristior.

186 981 242 1013 Sa.
269 981 367 1013 Pater
391 983 501 1024 lugens
527 994 605 1025 prae
631 988 740 1021 dolore
872 993 931 1026 8b.
954 994 1011 1025 Nil
1028 994 1246 1036 blasphemum
1263 998 1386 1039 profert
1407 1010 1470 1040 ore,

271 1027 383 1069 Carpit
406 1031 469 1063 iter
495 1040 564 1064 cum
586 1043 730 1068 moerore
954 1041 1073 1074 Vocem
1097 1045 1213 1083 premit
1239 1055 1258 1077 a
1283 1047 1429 1090 clamore,

314 1075 378 1109 Sua
402 1078 539 1111 tundens
564 1084 704 1123 pectora,
1001 1088 1083 1121 Cara
1107 1089 1213 1123 ferens
1238 1093 1381 1133 pignora.

182 1132 240 1165 9a.
270 1132 346 1165 Sine
374 1136 443 1166 rate
468 1137 584 1168 transit
610 1136 749 1181 fluctum,
871 1143 929 1177 9b.
953 1144 1064 1177 Nescit
1088 1147 1174 1179 ultra
1199 1151 1355 1182 consolari

265 1180 347 1212 Inde
372 1180 470 1214 Satan
495 1188 589 1224 auget
611 1185 740 1227 luctum,
950 1191 1019 1223 Nec
1043 1202 1063 1224 a
1086 1192 1162 1226 fletu
1184 1198 1357 1236 temperari

312 1227 398 1260 Fera
422 1230 505 1261 tollit
530 1240 664 1273 pueros3
997 1239 1136 1273 Cernens
1160 1244 1231 1282 rapi
1255 1244 1383 1277 liberos.

157 1282 236 1317 lOa.
265 1285 403 1324 Jamjam
427 1295 529 1325 paene
555 1288 724 1322 destitutus
842 1294 922 1328 10b.
945 1294 1042 1334 Quem
1067 1298 1202 1330 militum
1226 1304 1370 1333 assuetus

260 1332 305 1363 Et
328 1333 361 1364 in
386 1333 473 1365 luctu
499 1336 687 1369 constitutus
946 1342 1144 1383 Sequebatur
1170 1347 1243 1378 olim
1270 1352 1387 1390 coetuS‚

260 1379 323 1411 ,Job
348 1379 505 1412 illustrem
532 1386 581 1414 est
604 1388 730 1417 secutus
944 1390 1038 1422 Nunc
1062 1392 1204 1432 abjectus
1229 1398 1323 1435 atque
1337 1399 1462 1436 spretus

306 1426 396 1458 Duce
418 1429 592 1470 patientia;
993 1439 1101 1470 Pascit
1131 1441 1290 1474 animalia.

148 1483 231 1515 1122.
258 1483 362 1523 Hujus
387 1485 505 1518 Caesar
527 1485 607 1519 flens
634 1492 779 1522 eventum
837 1493 919 1526 1110.
940 1494 1060 1527 Videns
1086 1505 1165 1536 opus
1192 1499 1320 1531 deitatis

254 1530 318 1563 Per
349 1532 433 1564 hunc
466 1534 595 1566 tandem
628 1540 701 1576 post
729 1538 776 1570 in·
941 1542 1038 1574 Pater
1062 1544 1178 1584 gaudet
1203 1549 1314 1578 matre?
1341 1549 1424 1580 natis

547 1586 674 1615 ventum

252 1625 386 1658 Hostem
412 1628 519 1660 domat
543 1630 743 1665 incruentum
938 1637 1017 1669 Post
1036 1638 1115 1670 haec
1140 1640 1201 1672 sibi
1225 1643 1411 1674 restauratis

301 1673 402 1714 Capto
426 1677 516 1715 pacis
542 1676 682 1712 foedere.
987 1685 1153 1718 Trinitatis
1178 1697 1317 1720 munere.

144 1730 225 1763 12a.
254 1730 307 1762 Sic
331 1733 454 1772 recepti
477 1734 709 1774 triumphantes
832 1740 915 1772 12b.
939 1741 1077 1780 Quorum
1101 1752 1196 1782 prece
1221 1746 1331 1777 mundi
1355 1756 1442 1779 mare

251 1778 301 1809 Ac
324 1777 462 1817 profana.
487 1781 659 1825 deviantes,
936 1788 1105 1821 valeamus
1127 1793 1333 1835 transmeare,

249 1825 333 1857 Fide
356 1829 491 1858 mortem
515 1833 702 1869 superantes
939 1836 1068 1868 Ocelum
1094 1846 1217 1878 quoque
1242 1844 1410 1879 penetrare

250 1872 342 1905 Feris
369 1874 486 1906 dantur
508 1881 717 1916 properantes
935 1882 1004 1914 Nec
1027 1893 1090 1916 non
1113 1884 1239 1919 Christo
1266 1897 1459 1930 conregnare

296 1920 392 1954 Bovis
417 1922 459 1954 ad
483 1923 642 1957 incendia.
982 1930 1107 1964 Felices
1132 1934 1164 1965 in
1190 1935 1301 1975 gloria.

210 1985 307 2030 'Gi-ad.
333 1996 387 2015 ms.
409 1987 640 2025 Compendiense
661 2000 737 2020 saec.
763 1991 806 2021 14.
829 1994 899 2023 Cod.
919 1996 1013 2024 Paris.
1037 1996 1070 2026 17
1081 1997 1146 2027 329.
1166 2014 1205 2019 -—
1224 2001 1308 2028 Mel:
1335 2002 1454 2031 Laudes

138 2031 242 2051 crucis.

561 2093 629 2125 205.
669 2095 712 2127 De
733 2097 840 2129 sancto
861 2098 1027 2131 Feliciano.

138 2149 193 2183 la.
220 2150 275 2182 Ad
301 2154 471 2184 concentus
497 2154 672 2187 animemur
828 2159 887 2192 1b.
911 2160 1013 2193 Voces
1038 2162 1121 2194 votis
1144 2163 1344 2204 adornemus,

218 2198 263 2230 Et
287 2199 456 2238 psallendo
482 2201 687 2235 collaetemur
907 2207 954 2240 Ut
979 2208 1129 2242 decenter
1155 2212 1382 2245 concordemus

263 2247 330 2279 Piis
357 2256 427 2279 cum
451 2248 636 2292 intentibus,
954 2257 1060 2289 Festis
1085 2258 1119 2290 iu
1141 2260 1375 2299 praesentibus,

135 2304 192 2338 2a.
218 2303 328 2336 Labor
345 2304 472 2346 linguae
490 2316 562 2339 nam
579 2306 762 2352 frustratur,
823 2312 883 2347 2b.
904 2313 956 2345 Ex
979 2314 1104 2347 intentu
1126 2316 1289 2355 judicatur

218 2351 253 2386 Si
279 2361 368 2385 mens
391 2354 463 2386 voci
487 2364 551 2387 non
574 2360 729 2397 aequatur
904 2361 1018 2403 Homo,
1046 2363 1121 2395 dum
1146 2365 1223 2405 quid
1249 2369 1400 2406 operatur

262 2401 301 2433 In
328 2401 568 2444 devotionibus;
951 2410 1059 2443 Rebus
1085 2415 1138 2444 aut
1163 2413 1371 2449 sermonibus.
