1653 2632
231 233 287 264 53.

232 430 287 462 63.

234 813 290 845 73.

235 1011 291 1044 83.

239 1208 294 1240 93.

215 1359 294 1391 103.

215 1508 293 1541 113.

216 1715 298 1748 123.

217 1914 294 1946 133.

729 130 987 166 —182—

313 232 456 264 Adstans
482 230 521 262 ab
546 230 612 262 alta

312 278 443 320 angelus
468 278 541 309 aula

314 325 376 358 ait:
401 333 443 357 ne
465 324 682 365 pertimescas,

312 372 476 404 Zacharia.

313 429 377 461 Per
402 437 496 468 quam
519 426 656 459 maxima

311 475 373 506 tibi
397 474 512 515 gaudia

313 521 442 553 venient
465 529 586 552 summa

315 571 348 598 et
371 567 514 606 tripudia

316 617 412 654 atque
432 614 534 644 multa

314 660 465 701 gaudebit
483 659 625 699 jucunda

313 707 425 748 populi
448 709 554 738 turma

316 754 505 787 Christiana.

317 811 473 843 Zacharia

315 859 357 890 ad
380 859 461 890 haec
482 857 593 890 nuntia

315 908 459 946 gestante

316 956 447 993 pectora
469 952 646 991 incredula⁷

319 1009 383 1042 Sed
407 1010 468 1041 hac
491 1010 601 1041 sancta

316 1057 505 1097 splendente
529 1051 643 1100 ἡμέρᾳ

319 1104 405 1136 coelo
428 1113 543 1144 magna

319 1154 351 1182 et
376 1151 471 1183 dante
495 1150 624 1190 lumina,

322 1207 346 1239 O
369 1207 459 1247 mira,
485 1215 600 1246 magna

318 1254 457 1294 gratiosa

316 1300 379 1332 Dei
403 1308 543 1333 munera.

320 1356 428 1389 Mater
451 1355 622 1387 infecunda

317 1404 385 1443 J'am
409 1402 546 1434 fecunda

319 1450 402 1491 gerit
426 1450 559 1490 viscera,

319 1507 473 1541 Johannis
498 1506 654 1539 natalitia.

321 1563 426 1597 Adest
450 1571 522 1603 ergo
547 1571 662 1602 magna

319 1611 377 1643 1113
400 1610 509 1642 mundi
532 1610 655 1649 lampas
729 1631 746 1646 a

320 1657 491 1698 splendida

324 1713 462 1746 Familia

320 1761 406 1793 unde
428 1761 567 1792 maxima

321 1809 416 1840 sumit
439 1817 478 1840 ac
498 1808 602 1849 jungit
626 1808 750 1848 gaudiis

321 1856 445 1896 gaudia.

322 1912 406 1945 Offer
430 1913 602 1953 praeconia

323 1960 449 1992 Christo
475 1963 508 1992 et
530 1968 662 1992 munera

912 225 973 259 5b.

913 422 971 456 612.

917 809 974 842 7b.

918 1006 978 1040 ab.

898 1713 979 1747 12b.

898 1913 981 1948 131).

670 2018 725 2050 14.
751 2016 949 2048 Intercessor

752 2072 811 2103 pro
837 2063 928 2095 nobis
953 2064 1098 2096 omnibus

753 2111 796 2142 sis
825 2110 859 2141 in
882 2111 1017 2143 saecula.

292 2167 379 2203 Trop.
400 2175 454 2194 ms.
475 2167 504 2195 S.
525 2166 671 2202 Ebrulphi
690 2173 766 2193 saec.
786 2163 832 2193 12.
853 2165 922 2193 Cod.
942 2166 1103 2194 Parisiens.
1125 2165 1161 2196 10
1169 2166 1234 2196 508.
1255 2169 1288 2197 A.
1311 2184 1349 2189 —
1369 2170 1458 2200 Grad.
1471 2179 1529 2199 ms.

217 2205 418 2233 Gemeticense
443 2213 518 2232 saec.
541 2203 585 2232 14.
610 2204 681 2231 Cod.
701 2204 908 2239 Rotomagens.
928 2201 994 2232 250.
1014 2205 1046 2232 B.
1069 2219 1105 2224 —
1131 2206 1214 2234 Miss.
1243 2216 1297 2235 ms.
1324 2208 1531 2238 Gemeticense

217 2244 287 2270 anni
308 2240 390 2270 1495.
425 2243 494 2270 Cod.
522 2244 728 2278 Rotomagens.
749 2239 802 2269 301
826 2241 857 2268 C.
885 2255 922 2261 —
948 2242 1032 2270 Miss.
1053 2252 1106 2271 ms.
1127 2244 1329 2272 Gemeticense
1350 2248 1421 2273 anni
1443 2246 1527 2276 1492.

219 2280 287 2308 Cod.
301 2281 507 2317 Rotomagens.
521 2278 577 2308 302
593 2281 629 2307 D.
649 2295 689 2299 —
709 2277 733 2311 1,
755 2276 773 2305 2
795 2281 825 2306 et
843 2278 915 2306 fehlt
934 2279 1022 2307 BCD.
1041 2296 1080 2300 —
1100 2278 1150 2314 3a,
1172 2280 1190 2308 2
1209 2284 1366 2318 perspicua
1385 2283 1472 2312 BCD.
1489 2302 1531 2307 ——

216 2318 271 2347 4b.
292 2318 311 2346 4
331 2318 388 2345 hac
406 2320 439 2345 in
458 2319 506 2346 die
527 2317 614 2345 BCD.
642 2332 678 2336 ——
705 2316 754 2351 6a,
775 2314 793 2344 3
814 2325 857 2352 sq.
885 2325 997 2345 summo
1017 2327 1084 2345 cum
1104 2319 1233 2354 tripudio
1253 2319 1341 2347 BCD.
1370 2335 1408 2340 -
1435 2321 1478 2351 ssb
1509 2324 1527 2352 7

218 2357 321 2384 sentiit
333 2357 367 2384 B.
381 2371 419 2375 —
442 2354 494 2391 8b‚
516 2354 534 2383 2
555 2356 690 2392 angelica
702 2354 793 2382 verba
806 2354 893 2381 BOD.
908 2368 944 2373 —
965 2353 1019 2390 9b,
1034 2354 1052 2382 2
1067 2364 1109 2392 sq.
1130 2357 1212 2384 valet
1226 2357 1376 2393 explicare
1388 2345 1530 2389 BCD.'—

218 2394 286 2429 lla,
311 2393 326 2422 1
346 2394 461 2459 nlatalia
478 2394 512 2421 B.
539 2409 577 2413 —
605 2391 672 2426 123,
693 2390 711 2418 2
731 2391 800 2419 inde
819 2392 905 2419 BCD.
930 2406 969 2411 —
992 2393 1077 2421 Mel.:
1106 2394 1173 2421 Alle
1193 2394 1320 2422 coeleste
1342 2405 1397 2425 nec
1419 2407 1479 2427 non
1499 2403 1534 2429 et

216 2440 343 2469 perenne
374 2439 432 2466 uJa.

994 223 1112 256 Anima
1137 230 1230 253 sacra

994 271 1126 311 placens
1151 268 1185 299 in
1209 267 1330 307 aethra,

996 319 1044 349 est
1068 316 1175 356 proles
1201 314 1240 346 ob
1265 314 1327 346 hoc
1353 314 1433 347 data.

994 364 1055 396 tibi
1080 365 1182 404 grata.

994 421 1090 453 Hunc
1114 419 1253 460 gratuita

995 468 1057 501 Dei
1083 466 1187 508 gratia

995 515 1172 548 «Iohannem
1198 513 1329 552 plenum

998 565 1084 594 certe
1108 560 1245 600 nomina,

995 618 1085 642 suum
1111 608 1186 648 quia

997 659 1160 689 auctorem
1185 657 1329 686 materna

998 704 1114 736 sentiet
1137 703 1224 734 intra

998 751 1124 783 clausus
1148 751 1251 782 antra.

996 807 1096 839 Fiunt
1118 809 1208 837 muta

999 854 1107 886 statim
1130 853 1228 892 labia,

999 910 1119 941 organa

1000 948 1192 980 clauduntur
1216 947 1374 988 loquacia.

1002 1005 1110 1038 Mater
1134 1005 1217 1036 alma

999 1061 1058 1093 per
1082 1052 1187 1092 angeli
1210 1051 1310 1084 verba

1001 1100 1094 1132 adest
1117 1100 1210 1138 laeta,

1000 1146 1148 1190 fecunda,
1174 1145 1299 1179 florida.

971 1231 978 1239 .
1000 1204 1087 1243 Quae
1109 1204 1218 1244 lingua
1242 1205 1334 1235 tanta

1001 1251 1164 1291 explicare

999 1298 1087 1330 valet
1110 1296 1250 1338 gaudia?

970 1379 977 1388 .
999 1354 1105 1387 Patris
1131 1357 1206 1386 ante
1229 1357 1318 1385 muta

1000 1409 1084 1433 nunc
1108 1403 1222 1441 aperta

1000 1448 1146 1489 pandunt
1169 1448 1256 1480 labia

971 1531 977 1537 .
999 1506 1087 1546 Quae
1112 1507 1161 1536 est
1185 1507 1260 1537 ante
1284 1504 1395 1537 saecla.

1007 1552 1134 1585 Christo
1159 1554 1354 1592 praeparata

1006 1608 1143 1632 consona

1002 1656 1161 1689 Davidica
1185 1657 1335 1690 melodia.

999 1714 1185 1756 Propterea,

1003 1770 1021 1793 o
1047 1761 1192 1801 ecclesia,

1002 1808 1036 1840 in
1060 1811 1127 1841 toto
1153 1809 1231 1841 orbe
1255 1811 1416 1841 terrarum

1002 1856 1117 1896 posita,

1002 1913 1139 1946 Dicens:
1167 1922 1185 1945 o
1210 1913 1384 1953 Johannes‚

1002 1961 1181 2000 praemissa
1204 1961 1347 2003 lucerna,
