1653 2632
149 220 205 251 Ga.

681 109 917 144 -74-

231 216 317 248 Fons
345 214 385 246 de
408 214 502 253 petra
522 208 655 251 proruit,

232 263 332 296 Latus
356 261 430 301 agni
454 258 567 299 patuit,

233 310 332 343 Rivus
357 308 434 340 inde
458 303 597 346 profluit,

281 356 340 397 Qui
370 354 463 387 diluit

327 401 502 436 veneficum
528 405 680 430 cruorem.

152 528 241 556 mani.

155 708 212 740 la.

156 906 213 937 2a.

158 1104 215 1136 3a.

160 1303 218 1334 4a.

167 1757 222 1791 la.

169 1910 224 1941 2a.

172 2059 227 2091 3a.

834 203 893 238 6b.
916 202 1029 235 Statua
1052 199 1240 240 percutitur,

916 249 992 281 Sine
1015 255 1111 279 manu
1136 245 1281 278 caeditur

914 295 1023 335 Lapis,
1045 302 1136 326 mons
1162 291 1309 333 efficitur,

964 340 1141 381 Virginitas

1012 388 1088 420 h‘mc
1110 387 1233 419 obtinet
1258 383 1409 417 favorem.

227 488 314 517 Grad.
341 495 396 514 ms.
418 482 647 519 Compendiense
667 486 743 507 saec.
766 475 810 505 14.
832 475 903 503 Cod.
923 474 1084 502 Parisiens.
1106 470 1140 498 17
1148 468 1214 499 329.
1236 484 1273 489 -—
1293 467 1351 501 410,
1373 466 1392 494 4
1411 466 1468 493 hu-

600 618 641 650 91.
684 618 728 649 De
748 616 843 648 beata
864 613 965 646 Maria
984 613 1021 644 V.

240 705 311 738 Sah
319 712 345 744 e,
370 702 480 742 regina
504 700 634 741 gloriae,

283 751 399 789 Maria,
426 748 520 781 stella
543 747 651 788 maris,

238 799 344 832 Solem
368 796 455 837 paris
477 794 631 835 justitiae,

289 846 375 885 Quae
399 844 493 875 lunae
518 840 723 881 compararis.

242 902 362 935 Summi
386 900 470 940 regis
496 899 660 939 palatium,

286 949 433 982 Thronus
458 946 672 987 imperatoris,

238 996 354 1037 sponsi
375 993 623 1033 reclinatorium,

288 1044 338 1076 Tu
362 1051 480 1083 sponsa
505 1041 670 1074 creatoris.

244 1101 269 1134 Ο
294 1100 390 1132 melle
416 1098 551 1138 dulcior,

241 1149 330 1182 Auro
355 1145 566 1187 splendidior,

241 1196 322 1228 Risu
343 1193 524 1235 jucundior,

241 1244 360 1275 Amore
392 1241 505 1273 cai-lor.

245 1300 292 1332 Te
315 1299 385 1330 laus
410 1297 605 1336 harmonica,

243 1348 290 1379 Te
318 1354 381 1378 vox
404 1344 602 1385 prophetica,

243 1393 372 1426 Laudat
396 1396 428 1424 et
453 1391 586 1430 cantica,

245 1441 314 1473 Lex
339 1440 531 1481 evangelica.

843 893 904 927 2b.

848 1292 909 1326 4b.

840 695 898 729 lb.
922 694 1015 727 Vitae
1041 691 1177 724 dulcedo
1201 689 1333 731 gratiae,

969 741 1057 773 Fons
1082 742 1196 780 atquae
1220 735 1382 775 salutaris,

926 787 1035 821 Mater
1056 785 1305 824 misericordiae,

971 835 1021 867 Tu
1044 836 1156 874 portus
1181 830 1366 872 appellaris.

927 893 951 926 Ο
976 899 1153 932 pauperum
1177 888 1334 927 solatium,

974 937 1163 971 Remedium
1184 934 1356 975 languoris,

926 987 1065 1027 Dignum
1089 984 1152 1016 Dei
1176 982 1360 1020 sacrarium,

974 1035 1039 1068 Vas
1064 1032 1186 1065 aeterni
1210 1028 1402 1070 splendoris.

897 1118 905 1126 .
929 1091 1012 1123 Nive
1041 1088 1218 1130 candidior,

929 1139 1017 1171 Rosa
1040 1135 1245 1177 fragrantior,

929 1186 1044 1219 Palma
1069 1183 1246 1222 sublimior,

932 1233 1078 1274 Saphyro
1103 1230 1278 1271 pulchrior.

934 1291 1031 1331 Virgo
1055 1287 1225 1329 Davidica,

930 1338 993 1371 Dei
1018 1336 1171 1377 angelica,

933 1386 1005 1418 Duc
1028 1393 1086 1416 nos
1111 1383 1154 1415 ad
1177 1381 1297 1414 coelica

932 1434 1054 1473 Regna,
1080 1439 1154 1471 spes
1177 1430 1282 1461 unica.

243 1523 314 1554 (lod.
334 1525 493 1553 Parisiens.
515 1521 598 1552 1343.
620 1530 695 1550 staec.
718 1520 762 1549 14.
798 1521 857 1549 Mit
874 1519 943 1547 Mel.
958 1533 996 1537 —
1008 1517 1108 1553 Vergl.
1129 1515 1178 1543 die
1190 1513 1376 1549 Bemerkung
1388 1511 1482 1539 Anal-

162 1566 261 1601 hymn.
281 1564 363 1598 VIII,
385 1572 412 1599 p.
435 1561 479 1590 11.

614 1671 661 1703 92.
702 1670 744 1702 De
764 1669 862 1701 beata
882 1667 984 1699 Maria
1003 1666 1040 1698 V.

250 1755 355 1795 Salve,
378 1756 491 1794 mater,
518 1753 599 1786 coeli
622 1754 726 1794 porta,

247 1803 345 1843 Virgo
368 1800 486 1834 florens
512 1803 544 1833 et
568 1802 680 1832 exorta

298 1849 404 1883 David
431 1858 469 1881 ex
493 1848 664 1890 prosapia3

254 1908 334 1947 Ave,
360 1907 460 1948 virgo,
486 1906 578 1946 prole
601 1905 697 1944 laeta,

250 1955 329 1997 Ave,
356 1954 497 1994 gaudens
522 1956 555 1984 et
578 1952 703 1992 repleta

298 2001 437 2033 Deitatis
462 2000 581 2041 gratia3

253 2058 334 2098 Ave,
359 2059 463 2089 mater
487 2056 545 2088 sed
568 2056 701 2094 intacta,

253 2106 333 2147 Ave,
360 2105 448 2144 cujus
476 2113 540 2136 non
565 2105 614 2134 est
637 2101 725 2134 facta

301 2152 433 2184 Homini
457 2151 611 2190 societas3

173 2209 231 2242 4a.
259 2208 284 2241 Ο
309 2208 425 2248 Maria,
448 2208 543 2239 stella
568 2207 664 2244 clara,

256 2255 355 2294 Quam
378 2264 442 2287 non
465 2254 576 2285 turbat
599 2261 651 2284 res
682 2260 800 2295 amara,

306 2302 398 2334 Omni
422 2303 518 2341 plena
542 2300 662 2341 gratia3

853 1749 911 1783 lb.
932 1749 1014 1790 Ave,
1040 1747 1141 1788 virgo,
1167 1746 1275 1779 fructu
1298 1744 1404 1784 plena,

937 1799 1016 1835 Ave,
1041 1794 1166 1835 fulgens
1192 1796 1225 1825 et
1248 1800 1370 1839 serena,

984 1843 1093 1876 Mater
1118 1851 1152 1874 es
1178 1843 1210 1873 et
1232 1839 1311 1873 filia.

855 1901 915 1935 2b.
938 1902 1020 1941 Ave,
1046 1900 1147 1940 virgo,
1174 1898 1276 1938 stirpe
1299 1895 1427 1936 florenS,

938 1950 1019 1990 Ave,
1044 1950 1148 1979 mater
1174 1945 1304 1987 Christi,
1329 1946 1446 1984 potens

986 1996 1026 2028 In
1052 1994 1182 2026 coelesti
1207 1993 1304 2025 curia.

858 2052 916 2086 3b.
940 2053 1021 2091 Ave,
1048 2060 1143 2091 quam
1165 2060 1231 2083 non
1255 2048 1397 2089 violavit,

940 2099 1021 2139 Ave,
1048 2108 1143 2138 quam
1165 2107 1230 2130 non
1257 2096 1427 2137 dissipavit

986 2146 1134 2178 Hominis
1159 2145 1306 2178 societas.

862 2203 921 2237 4b.
943 2204 968 2236 Ο
993 2203 1110 2243 Maria,
1136 2212 1195 2235 nos
1216 2204 1384 2242 poscentes

946 2251 1015 2283 Fac
1038 2250 1166 2282 admitti
1192 2249 1430 2289 congaudentes

994 2298 1032 2330 In
1058 2297 1188 2329 coelesti
1213 2297 1324 2337 gloria.

253 2377 337 2405 Miss.
357 2384 412 2403 ms.
434 2376 573 2403 Tullense
593 2381 669 2401 saec.
691 2372 735 2400 12.
757 2372 827 2401 Cod.
850 2373 1011 2401 Parisiens.
1035 2370 1145 2400 11592.
