1653 2632
202 433 259 466 2a.

203 583 263 616 32.

202 736 260 768 4a.

203 887 258 919 52.

203 1038 259 1069 6a.

203 1188 259 1220 Va.

201 1339 258 1373 Sa.

200 1491 256 1524 9a.

174 1641 256 1674 loa.

177 1792 257 1826 lla.

176 1991 257 2025 12a.

173 2192 253 2226 13a.

703 126 866 161 —183
928 146 971 151 —

527 219 595 250 244.
638 219 674 251 In
693 218 868 250 Nativitate
887 227 911 250 s.
935 218 1086 250 Johannis
1107 218 1139 249 B.

564 281 595 314 1.
622 280 727 313 Adest
752 280 820 312 dies
844 280 1024 322 recolenda,

619 328 716 360 Dulei
740 328 822 359 melo
848 327 1080 367 prosequenda,

667 376 763 408 Dulci
789 375 885 415 digna
908 374 1066 414 carmine3

286 431 359 464 Lux
385 437 433 464 est
456 433 528 471 ista,
556 441 648 472 quam
665 432 806 472 baptista

286 479 387 512 Ornat
408 482 513 520 natus,
539 480 635 511 immo
662 479 754 511 datus

334 527 426 559 Novo
452 527 554 567 patris
580 527 701 559 ordine.

286 583 369 615 Nam
394 584 449 615 lux
474 584 545 615 luce
571 583 611 615 de
635 586 771 622 paterna

285 631 497 663 Praedicatur
519 639 557 662 ac
580 631 711 661 lucerna

334 678 553 717 Subsequente
578 678 690 717 gratia.

284 734 363 766 Orat
387 736 476 766 vates
503 736 535 765 et
556 741 709 773 moratur,

284 781 411 814 Moram
434 781 517 813 vatis
542 781 719 813 admiratur

331 828 427 861 Foris
452 828 584 860 adstans
609 828 763 868 populus;

287 885 406 924 Stupor
427 885 543 916 transit
559 885 592 916 in
608 885 804 925 immensum,

284 932 369 964 Dum
390 932 540 964 sacerdos
558 935 633 971 post
643 932 805 963 incensum

336 979 430 1011 Vocis
456 988 567 1011 carens
589 979 718 1010 modulo

287 1035 351 1068 Sed
378 1036 497 1067 electus
523 1039 554 1066 et
581 1035 715 1067 dilectus

285 1084 371 1115 Puer
395 1083 457 1114 iste
481 1085 546 1122 tua,
573 1082 709 1121 Christe,

332 1130 485 1162 Declarat
511 1129 679 1169 magnalia,

286 1188 353 1219 Iste
377 1195 458 1226 puer
481 1186 655 1218 Zachariae

287 1233 387 1266 Juxta
413 1242 539 1265 carmen
564 1233 667 1265 Isaiae

333 1281 404 1313 Vox
430 1280 595 1313 clamantis
622 1280 748 1319 dicitur,

281 1338 387 1370 Antra
409 1337 491 1377 petit
516 1337 565 1369 vir
589 1336 711 1376 beatus,

285 1384 356 1417 Cibi
379 1383 441 1415 fuit
464 1386 638 1424 apparatus

333 1431 397 1464 Sub
426 1433 530 1463 aetate
555 1434 666 1462 tenera

282 1489 399 1521 Nullus
424 1488 527 1527 major
550 1488 611 1519 hoe
635 1487 781 1519 Johanne

279 1536 417 1576 Magnus
442 1535 496 1567 hic
521 1535 575 1575 qui
600 1537 632 1566 et
653 1535 685 1566 in
712 1543 804 1566 amne

328 1583 440 1616 Tinxit
465 1582 546 1614 coeli
567 1582 755 1621 Dominum3

283 1641 347 1674 Hic
370 1639 508 1672 Messias
534 1639 586 1670 vel
610 1636 702 1670 Elias

282 1687 334 1720 Ne
359 1687 519 1725 credatur,
546 1695 581 1717 se
604 1688 742 1717 testatur

329 1734 481 1766 Messiam
504 1733 717 1774 praecedere3

283 1791 350 1823 Iste
373 1793 497 1830 martyr
521 1794 553 1821 et
577 1790 707 1829 athleta,

283 1838 361 1871 Plus
372 1837 528 1870 exsistens
535 1846 628 1877 quam
634 1836 801 1879 propheta,

283 1886 485 1919 Protestatur
509 1884 686 1923 adimpleta

329 1932 563 1973 Prophetarum
587 1930 724 1971 famina3

283 1991 347 2023 Per
371 1997 562 2030 praeconem
585 1988 660 2020 novi
685 1988 769 2029 regis

282 2038 486 2070 Terminatur
506 2037 617 2077 jugum
642 2036 721 2076 legis

280 2086 326 2118 Et
352 2085 395 2117 ad
420 2087 528 2117 votum
552 2084 625 2116 novi
651 2083 755 2124 gregis

328 2133 422 2165 Nova
446 2134 537 2172 patet
560 2132 673 2172 gratia.

281 2191 382 2223 Tuam
407 2190 535 2222 laudem
561 2190 789 2229 prosequentes

276 2238 322 2271 Et
345 2239 378 2270 in
405 2246 442 2269 ea
465 2239 689 2277 permanentes

276 2286 345 2319 Fac
370 2288 476 2318 erutos
499 2287 659 2317 vetustate

276 2334 370 2367 Nova
395 2332 460 2365 frui
484 2333 635 2365 libertate

322 2382 368 2415 Et
393 2381 517 2423 privari
541 2380 675 2413 macula.

888 430 946 464 2b.

888 582 946 615 3b.

886 733 948 766 4b.

888 883 946 917 5b.

889 1035 946 1067 6b.

888 1184 944 1218 7b.

886 1336 944 1370 8b.

886 1487 943 1520 9b.

862 1638 945 1671 10b.

862 1789 944 1822 11b.

861 1988 943 2022 1212.

860 2188 941 2222 1312.

973 433 1059 463 Ante
1072 433 1209 469 sanctus,
1225 438 1317 469 quam
1326 431 1485 470 nascatur,

969 478 1045 517 Quis
1067 477 1228 510 Johannes
1252 476 1408 509 habeatur

1017 525 1080 557 Suo
1105 525 1231 565 signans
1255 524 1391 558 nomine.

972 582 1143 614 Zacharias
1168 583 1260 621 rogat
1283 580 1444 619 attentius,

970 628 1046 661 Cum
1075 629 1179 661 fidelis
1202 628 1325 660 revelat
1346 627 1485 667 nuntius,

1016 676 1134 708 Divina
1157 675 1317 715 mysteria.

968 733 1063 766 Vatis
1087 733 1215 772 inquam
1241 731 1339 773 dubii,

970 781 1029 820 Qui
1056 780 1095 812 de
1120 780 1200 812 tanti
1225 778 1284 811 filii

1017 827 1097 860 Ortu
1121 826 1157 858 fit
1180 826 1373 858 incredulus.

967 883 1017 915 Ab
1044 884 1138 915 altari
1162 885 1266 914 mutus
1291 882 1376 914 redit

970 931 1015 962 Et
1040 939 1098 970 pro
1124 939 1201 962 voce
1225 930 1347 969 signum
1374 928 1464 960 dedit

1016 977 1223 1016 Exspectanti
1248 976 1376 1016 populo.

969 1034 1144 1066 Relaxatur
1168 1036 1203 1065 ut
1226 1034 1374 1072 loquatur

968 1081 1092 1121 Lingua
1116 1080 1216 1120 patris
1242 1083 1336 1119 atque
1360 1078 1471 1110 matris

1015 1128 1171 1160 Delentur
1195 1127 1377 1167 opprobria.

967 1185 1014 1217 Ut
1037 1187 1168 1224 paretur
1193 1184 1244 1215 via
1269 1186 1366 1223 recta,

970 1232 1066 1271 Quam
1082 1234 1221 1263 sectetur
1230 1230 1321 1270 plebs
1331 1228 1485 1270 perfecta,

1014 1280 1101 1311 Ante
1125 1278 1256 1310 verbum
1279 1277 1425 1308 mittitur.

967 1336 1035 1368 Mel
1059 1335 1189 1367 locustis
1214 1337 1379 1373 sociatum,

967 1384 1063 1424 Aqua
1086 1382 1140 1413 siti
1164 1391 1277 1413 munus
1303 1383 1437 1420 gratum,

1015 1430 1120 1461 Vestis
1146 1429 1273 1469 quidem
1298 1437 1422 1468 aspera.

966 1486 1017 1518 De
1041 1495 1101 1526 quo
1127 1486 1241 1517 scimus
1267 1482 1444 1527 manifeste,

969 1533 1059 1573 Quod
1084 1533 1252 1573 praecellit
1274 1532 1344 1564 Deo
1368 1534 1452 1563 teste

1014 1581 1116 1612 Natos
1141 1581 1226 1612 inter
1251 1579 1422 1612 hominum.

969 1638 1200 1670 Concurrentes
1225 1637 1267 1669 ad
1292 1644 1327 1668 se
1352 1638 1461 1676 gentes

967 1685 1022 1718 Illi
1046 1687 1150 1724 parat,
1178 1692 1270 1724 quem
1296 1684 1440 1715 declarat

1016 1733 1058 1765 Se
1082 1732 1202 1763 minuto
1227 1739 1380 1763 crescere.

967 1788 1056 1827 911οᾶ
1069 1788 1220 1820 velabant
1232 1796 1283 1819 res
1298 1787 1484 1828 promissae,

967 1836 1082 1868 Totum
1105 1838 1262 1867 monstrat
1285 1835 1428 1875 patuisse

968 1883 1032 1916 Sed
1058 1885 1090 1914 et
1113 1892 1244 1923 regnum
1269 1882 1437 1914 advenisse

1015 1931 1069 1963 Ad
1094 1930 1270 1962 tollendum
1296 1930 1437 1962 crimina.

966 1988 1053 2028 Ergo
1089 1996 1170 2028 puer
1193 1987 1261 2020 nati
1284 1987 1356 2027 Dei,

966 2036 1035 2068 Fac
1058 2041 1093 2067 ut
1118 2038 1226 2076 gentes
1250 2038 1282 2066 et
1306 2035 1423 2068 Judaei

966 2084 1073 2116 Unum
1097 2082 1177 2115 fiant
1200 2086 1295 2123 atque
1317 2083 1363 2114 rei

1014 2131 1227 2163 Subleventur
1252 2130 1354 2163 venia.

965 2189 1049 2229 Quos
1074 2188 1107 2219 in
1130 2188 1248 2220 mundo
1274 2188 1336 2219 seis
1358 2187 1487 2228 gravari

965 2237 1034 2268 Fac
1057 2236 1217 2268 mundana
1241 2244 1305 2267 non
1328 2235 1455 2277 sectari,

965 2284 1013 2317 Ut
1036 2284 1069 2316 in
1092 2284 1164 2315 luce
1188 2283 1341 2324 singulari

967 2333 1087 2365 Tecum
1113 2331 1237 2372 possint
1261 2331 1417 2372 gratulari

1014 2381 1078 2413 Per
1102 2383 1233 2412 aeterna
1257 2380 1392 2412 saecula.
