<?xml version="1.0" encoding="UTF-8"?>
<!DOCTYPE html PUBLIC "-//W3C//DTD XHTML 1.0 Transitional//EN"
    "http://www.w3.org/TR/xhtml1/DTD/xhtml1-transitional.dtd">
<html xmlns="http://www.w3.org/1999/xhtml" xml:lang="en" lang="en">
 <head>
  <title>
</title>
<meta http-equiv="Content-Type" content="text/html;charset=utf-8" />
  <meta name='ocr-system' content='tesseract 3.04.00' />
  <meta name='ocr-capabilities' content='ocr_page ocr_carea ocr_par ocr_line ocrx_word'/>
</head>
<body>
  <div class='ocr_page' id='page_1' title='image "./analectahymnica09drevuoft_00258.png"; bbox 0 0 1653 2632; ppageno 0'>
   <div class='ocr_carea' id='block_1_1' title="bbox 684 158 945 193">
    <p class='ocr_par' dir='ltr' id='par_1_1' title="bbox 684 158 945 193">
     <span class='ocr_line' id='line_1_1' title="bbox 684 158 945 193; baseline 0 0"><span class='ocrx_word' id='word_1_1' title='bbox 684 158 945 193; x_wconf 76' lang='lat'>—257—</span> 
     </span>
    </p>
   </div>
   <div class='ocr_carea' id='block_1_2' title="bbox 152 247 1466 323">
    <p class='ocr_par' dir='ltr' id='par_1_2' title="bbox 152 247 1466 323">
     <span class='ocr_line' id='line_1_2' title="bbox 227 247 1466 285; baseline 0.009 -10"><span class='ocrx_word' id='word_1_2' title='bbox 227 247 311 276; x_wconf 79' lang='lat' dir='ltr'>Miss.</span> <span class='ocrx_word' id='word_1_3' title='bbox 337 258 391 277; x_wconf 77' lang='lat' dir='ltr'>ms.</span> <span class='ocrx_word' id='word_1_4' title='bbox 414 249 443 278; x_wconf 82' lang='lat' dir='ltr'>S.</span> <span class='ocrx_word' id='word_1_5' title='bbox 464 251 598 280; x_wconf 82' lang='lat' dir='ltr'>Floriani</span> <span class='ocrx_word' id='word_1_6' title='bbox 616 252 662 280; x_wconf 90' lang='lat' dir='ltr'>XI</span> <span class='ocrx_word' id='word_1_7' title='bbox 688 250 743 280; x_wconf 85' lang='lat'>389</span> <span class='ocrx_word' id='word_1_8' title='bbox 769 262 844 281; x_wconf 74' lang='lat' dir='ltr'>saec.</span> <span class='ocrx_word' id='word_1_9' title='bbox 867 252 911 282; x_wconf 88' lang='lat'>14.</span> <span class='ocrx_word' id='word_1_10' title='bbox 931 255 966 282; x_wconf 81' lang='lat' dir='ltr'>A.</span> <span class='ocrx_word' id='word_1_11' title='bbox 988 270 1022 274; x_wconf 89' lang='lat'>——</span> <span class='ocrx_word' id='word_1_12' title='bbox 1040 256 1123 284; x_wconf 79' lang='lat' dir='ltr'>Miss.</span> <span class='ocrx_word' id='word_1_13' title='bbox 1144 265 1197 284; x_wconf 87' lang='lat' dir='ltr'>ms.</span> <span class='ocrx_word' id='word_1_14' title='bbox 1220 256 1249 284; x_wconf 85' lang='lat' dir='ltr'>S.</span> <span class='ocrx_word' id='word_1_15' title='bbox 1269 257 1402 285; x_wconf 83' lang='lat' dir='ltr'>Floriani</span> <span class='ocrx_word' id='word_1_16' title='bbox 1420 257 1466 285; x_wconf 89' lang='lat' dir='ltr'>XI</span> 
     </span>
     <span class='ocr_line' id='line_1_3' title="bbox 152 281 1230 323; baseline 0.009 -11"><span class='ocrx_word' id='word_1_17' title='bbox 152 281 210 312; x_wconf 83' lang='lat'>394</span> <span class='ocrx_word' id='word_1_18' title='bbox 234 294 309 314; x_wconf 81' lang='lat' dir='ltr'>saec.</span> <span class='ocrx_word' id='word_1_19' title='bbox 332 285 377 315; x_wconf 84' lang='lat'>14.</span> <span class='ocrx_word' id='word_1_20' title='bbox 398 289 433 316; x_wconf 83' lang='lat' dir='ltr'>B.</span> <span class='ocrx_word' id='word_1_21' title='bbox 454 305 491 309; x_wconf 89' lang='lat'>—-</span> <span class='ocrx_word' id='word_1_22' title='bbox 509 290 593 318; x_wconf 81' lang='lat' dir='ltr'>Miss.</span> <span class='ocrx_word' id='word_1_23' title='bbox 614 299 667 318; x_wconf 85' lang='lat' dir='ltr'>ms.</span> <span class='ocrx_word' id='word_1_24' title='bbox 688 290 719 319; x_wconf 81' lang='lat' dir='ltr'>S.</span> <span class='ocrx_word' id='word_1_25' title='bbox 737 291 871 319; x_wconf 83' lang='lat' dir='ltr'>Floriani</span> <span class='ocrx_word' id='word_1_26' title='bbox 890 293 937 320; x_wconf 87' lang='lat'>111</span> <span class='ocrx_word' id='word_1_27' title='bbox 956 292 1010 320; x_wconf 83' lang='lat'>221</span> <span class='ocrx_word' id='word_1_28' title='bbox 1033 302 1108 322; x_wconf 87' lang='lat' dir='ltr'>saec.</span> <span class='ocrx_word' id='word_1_29' title='bbox 1131 292 1177 323; x_wconf 88' lang='grc'>14.</span> <span class='ocrx_word' id='word_1_30' title='bbox 1200 295 1230 322; x_wconf 89' lang='lat' dir='ltr'>C.</span> 
     </span>
    </p>
   </div>
   <div class='ocr_carea' id='block_1_3' title="bbox 523 409 1097 444">
    <p class='ocr_par' dir='ltr' id='par_1_3' title="bbox 523 409 1097 444">
     <span class='ocr_line' id='line_1_4' title="bbox 523 409 1097 444; baseline 0.007 -4"><span class='ocrx_word' id='word_1_31' title='bbox 523 409 585 441; x_wconf 81' lang='lat'>351.</span> <span class='ocrx_word' id='word_1_32' title='bbox 625 410 669 441; x_wconf 88' lang='lat' dir='ltr'>De</span> <span class='ocrx_word' id='word_1_33' title='bbox 694 419 718 442; x_wconf 84' lang='lat' dir='ltr'>s.</span> <span class='ocrx_word' id='word_1_34' title='bbox 738 411 853 442; x_wconf 87' lang='lat' dir='ltr'>Thoma</span> <span class='ocrx_word' id='word_1_35' title='bbox 874 411 1097 444; x_wconf 73' lang='lat' dir='ltr'>cantuariensi.</span> 
     </span>
    </p>
   </div>
   <div class='ocr_carea' id='block_1_4' title="bbox 145 491 1442 1577">
    <p class='ocr_par' dir='ltr' id='par_1_4' title="bbox 149 491 1442 841">
     <span class='ocr_line' id='line_1_5' title="bbox 151 491 1172 538; baseline 0.007 -15"><span class='ocrx_word' id='word_1_36' title='bbox 151 491 208 524; x_wconf 75' lang='lat' dir='ltr'>ia.</span> <span class='ocrx_word' id='word_1_37' title='bbox 234 491 337 525; x_wconf 86' lang='lat' dir='ltr'>Laeta</span> <span class='ocrx_word' id='word_1_38' title='bbox 361 494 498 526; x_wconf 84' lang='lat' dir='ltr'>mundus</span> <span class='ocrx_word' id='word_1_39' title='bbox 840 497 897 530; x_wconf 78' lang='lat' dir='ltr'>lb.</span> <span class='ocrx_word' id='word_1_40' title='bbox 920 498 1039 538; x_wconf 83' lang='lat' dir='ltr'>Regem</span> <span class='ocrx_word' id='word_1_41' title='bbox 1062 507 1172 530; x_wconf 85' lang='lat' dir='ltr'>verum</span> 
     </span>
     <span class='ocr_line' id='line_1_6' title="bbox 235 538 1214 586; baseline 0.007 -15"><span class='ocrx_word' id='word_1_42' title='bbox 235 538 283 571; x_wconf 79' lang='lat' dir='ltr'>Sit</span> <span class='ocrx_word' id='word_1_43' title='bbox 305 541 465 580; x_wconf 86' lang='lat' dir='ltr'>jucundus</span> <span class='ocrx_word' id='word_1_44' title='bbox 921 544 1081 586; x_wconf 84' lang='lat' dir='ltr'>Laudans,</span> <span class='ocrx_word' id='word_1_45' title='bbox 1108 555 1214 578; x_wconf 87' lang='lat' dir='ltr'>rerum</span> 
     </span>
     <span class='ocr_line' id='line_1_7' title="bbox 284 587 1183 634; baseline 0.008 -15"><span class='ocrx_word' id='word_1_46' title='bbox 284 587 371 619; x_wconf 86' lang='lat' dir='ltr'>Voce</span> <span class='ocrx_word' id='word_1_47' title='bbox 398 591 528 621; x_wconf 84' lang='lat' dir='ltr'>cantans</span> <span class='ocrx_word' id='word_1_48' title='bbox 971 592 1183 634; x_wconf 82' lang='lat' dir='ltr'>Conditorem,</span> 
     </span>
     <span class='ocr_line' id='line_1_8' title="bbox 328 635 1212 681; baseline 0.008 -15"><span class='ocrx_word' id='word_1_49' title='bbox 328 635 479 676; x_wconf 84' lang='lat' dir='ltr'>Alleluja‚</span> <span class='ocrx_word' id='word_1_50' title='bbox 1015 640 1125 672; x_wconf 85' lang='lat' dir='ltr'>Mente</span> <span class='ocrx_word' id='word_1_51' title='bbox 1147 641 1212 681; x_wconf 81' lang='lat' dir='ltr'>pia.</span> 
     </span>
     <span class='ocr_line' id='line_1_9' title="bbox 149 702 1349 749; baseline 0.005 -16"><span class='ocrx_word' id='word_1_52' title='bbox 149 702 206 733; x_wconf 80' lang='lat' dir='ltr'>2a.</span> <span class='ocrx_word' id='word_1_53' title='bbox 233 702 431 743; x_wconf 85' lang='lat' dir='ltr'>Angelorum</span> <span class='ocrx_word' id='word_1_54' title='bbox 454 703 541 735; x_wconf 84' lang='lat' dir='ltr'>intra</span> <span class='ocrx_word' id='word_1_55' title='bbox 567 703 696 735; x_wconf 88' lang='lat' dir='ltr'>chorum</span> <span class='ocrx_word' id='word_1_56' title='bbox 839 704 897 738; x_wconf 88' lang='lat' dir='ltr'>2b.</span> <span class='ocrx_word' id='word_1_57' title='bbox 917 705 992 738; x_wconf 86' lang='lat' dir='ltr'>Sole</span> <span class='ocrx_word' id='word_1_58' title='bbox 1016 709 1123 746; x_wconf 86' lang='lat' dir='ltr'>spreto</span> <span class='ocrx_word' id='word_1_59' title='bbox 1147 707 1233 738; x_wconf 86' lang='lat' dir='ltr'>vitae</span> <span class='ocrx_word' id='word_1_60' title='bbox 1256 707 1349 749; x_wconf 86' lang='lat' dir='ltr'>laeto,</span> 
     </span>
     <span class='ocr_line' id='line_1_10' title="bbox 233 748 1442 794; baseline 0.006 -14"><span class='ocrx_word' id='word_1_61' title='bbox 233 748 306 781; x_wconf 86' lang='lat' dir='ltr'>Jam</span> <span class='ocrx_word' id='word_1_62' title='bbox 330 752 480 789; x_wconf 89' lang='lat' dir='ltr'>suscepta</span> <span class='ocrx_word' id='word_1_63' title='bbox 504 749 669 783; x_wconf 87' lang='lat' dir='ltr'>beatorum</span> <span class='ocrx_word' id='word_1_64' title='bbox 920 753 1061 784; x_wconf 84' lang='lat' dir='ltr'>Thomae</span> <span class='ocrx_word' id='word_1_65' title='bbox 1087 754 1180 785; x_wconf 86' lang='lat' dir='ltr'>datur</span> <span class='ocrx_word' id='word_1_66' title='bbox 1201 763 1269 786; x_wconf 89' lang='lat' dir='ltr'>sors</span> <span class='ocrx_word' id='word_1_67' title='bbox 1294 763 1353 794; x_wconf 89' lang='lat' dir='ltr'>pro</span> <span class='ocrx_word' id='word_1_68' title='bbox 1377 755 1442 787; x_wconf 86' lang='lat' dir='ltr'>leto</span> 
     </span>
     <span class='ocr_line' id='line_1_11' title="bbox 280 796 1180 841; baseline 0.006 -13"><span class='ocrx_word' id='word_1_69' title='bbox 280 796 365 829; x_wconf 83' lang='lat' dir='ltr'>Sede</span> <span class='ocrx_word' id='word_1_70' title='bbox 390 798 485 837; x_wconf 84' lang='lat' dir='ltr'>clara,</span> <span class='ocrx_word' id='word_1_71' title='bbox 966 800 1071 841; x_wconf 85' lang='lat' dir='ltr'>Magis</span> <span class='ocrx_word' id='word_1_72' title='bbox 1097 809 1180 834; x_wconf 84' lang='lat' dir='ltr'>cara.</span> 
     </span>
    </p>

    <p class='ocr_par' dir='ltr' id='par_1_5' title="bbox 147 862 1380 1068">
     <span class='ocr_line' id='line_1_12' title="bbox 150 862 1281 907; baseline 0.004 -12"><span class='ocrx_word' id='word_1_73' title='bbox 150 863 207 896; x_wconf 65' lang='lat'>32.</span> <span class='ocrx_word' id='word_1_74' title='bbox 236 862 327 895; x_wconf 79' lang='lat' dir='ltr'>Sicut</span> <span class='ocrx_word' id='word_1_75' title='bbox 350 864 446 895; x_wconf 85' lang='lat' dir='ltr'>tellus</span> <span class='ocrx_word' id='word_1_76' title='bbox 470 864 574 895; x_wconf 87' lang='lat' dir='ltr'>lilium</span> <span class='ocrx_word' id='word_1_77' title='bbox 838 866 896 899; x_wconf 85' lang='lat' dir='ltr'>3b.</span> <span class='ocrx_word' id='word_1_78' title='bbox 918 866 1030 906; x_wconf 83' lang='lat' dir='ltr'>Neque</span> <span class='ocrx_word' id='word_1_79' title='bbox 1056 867 1140 898; x_wconf 82' lang='lat' dir='ltr'>cedit</span> <span class='ocrx_word' id='word_1_80' title='bbox 1165 867 1281 907; x_wconf 82' lang='lat' dir='ltr'>gladio,</span> 
     </span>
     <span class='ocr_line' id='line_1_13' title="bbox 233 910 1313 947; baseline 0.005 -6"><span class='ocrx_word' id='word_1_81' title='bbox 233 910 403 942; x_wconf 85' lang='lat' dir='ltr'>Londonia</span> <span class='ocrx_word' id='word_1_82' title='bbox 424 910 524 943; x_wconf 85' lang='lat' dir='ltr'>filium</span> <span class='ocrx_word' id='word_1_83' title='bbox 918 913 1003 945; x_wconf 89' lang='lat' dir='ltr'>Dum</span> <span class='ocrx_word' id='word_1_84' title='bbox 1028 914 1128 945; x_wconf 80' lang='lat' dir='ltr'>currit,</span> <span class='ocrx_word' id='word_1_85' title='bbox 1149 915 1183 945; x_wconf 90' lang='lat' dir='ltr'>in</span> <span class='ocrx_word' id='word_1_86' title='bbox 1208 915 1313 947; x_wconf 83' lang='lat' dir='ltr'>stadio</span> 
     </span>
     <span class='ocr_line' id='line_1_14' title="bbox 282 958 1244 999; baseline 0.002 -10"><span class='ocrx_word' id='word_1_87' title='bbox 282 958 374 990; x_wconf 78' lang='lat' dir='ltr'>Parit</span> <span class='ocrx_word' id='word_1_88' title='bbox 398 958 562 999; x_wconf 87' lang='lat' dir='ltr'>Thomam,</span> <span class='ocrx_word' id='word_1_89' title='bbox 965 961 1080 993; x_wconf 90' lang='lat' dir='ltr'>Zelans</span> <span class='ocrx_word' id='word_1_90' title='bbox 1102 961 1244 993; x_wconf 85' lang='lat' dir='ltr'>Romam.</span> 
     </span>
     <span class='ocr_line' id='line_1_15' title="bbox 147 1023 1380 1068; baseline 0.003 -12"><span class='ocrx_word' id='word_1_91' title='bbox 147 1026 204 1057; x_wconf 80' lang='lat' dir='ltr'>4a.</span> <span class='ocrx_word' id='word_1_92' title='bbox 234 1023 356 1056; x_wconf 87' lang='lat' dir='ltr'>Cedrus</span> <span class='ocrx_word' id='word_1_93' title='bbox 380 1023 419 1056; x_wconf 79' lang='lat' dir='ltr'>fit</span> <span class='ocrx_word' id='word_1_94' title='bbox 443 1033 482 1056; x_wconf 76' lang='lat' dir='ltr'>ex</span> <span class='ocrx_word' id='word_1_95' title='bbox 505 1025 637 1068; x_wconf 88' lang='lat' dir='ltr'>hysopo,</span> <span class='ocrx_word' id='word_1_96' title='bbox 836 1026 895 1060; x_wconf 83' lang='lat' dir='ltr'>4b.</span> <span class='ocrx_word' id='word_1_97' title='bbox 917 1027 1057 1058; x_wconf 85' lang='lat' dir='ltr'>Verbum</span> <span class='ocrx_word' id='word_1_98' title='bbox 1081 1027 1142 1059; x_wconf 89' lang='lat' dir='ltr'>hoc</span> <span class='ocrx_word' id='word_1_99' title='bbox 1164 1037 1222 1067; x_wconf 86' lang='lat' dir='ltr'>per</span> <span class='ocrx_word' id='word_1_100' title='bbox 1246 1028 1380 1060; x_wconf 86' lang='lat' dir='ltr'>vulnera</span> 
     </span>
    </p>

    <p class='ocr_par' dir='ltr' id='par_1_6' title="bbox 145 1071 1373 1577">
     <span class='ocr_line' id='line_1_16' title="bbox 230 1071 1373 1114; baseline 0.004 -12"><span class='ocrx_word' id='word_1_101' title='bbox 230 1071 359 1111; x_wconf 84' lang='lat' dir='ltr'>Martyr</span> <span class='ocrx_word' id='word_1_102' title='bbox 385 1080 424 1103; x_wconf 76' lang='lat' dir='ltr'>ex</span> <span class='ocrx_word' id='word_1_103' title='bbox 448 1072 597 1112; x_wconf 89' lang='lat' dir='ltr'>episcopo</span> <span class='ocrx_word' id='word_1_104' title='bbox 917 1073 1001 1105; x_wconf 87' lang='lat' dir='ltr'>Dum</span> <span class='ocrx_word' id='word_1_105' title='bbox 1025 1077 1227 1114; x_wconf 80' lang='lat' dir='ltr'>propugnant</span> <span class='ocrx_word' id='word_1_106' title='bbox 1249 1075 1373 1107; x_wconf 83' lang='lat' dir='ltr'>viscera</span> 
     </span>
     <span class='ocr_line' id='line_1_17' title="bbox 278 1119 1223 1161; baseline 0.003 -11"><span class='ocrx_word' id='word_1_107' title='bbox 278 1119 399 1151; x_wconf 86' lang='lat' dir='ltr'>Forma</span> <span class='ocrx_word' id='word_1_108' title='bbox 422 1120 535 1161; x_wconf 87' lang='lat' dir='ltr'>patris,</span> <span class='ocrx_word' id='word_1_109' title='bbox 967 1121 1080 1153; x_wconf 79' lang='lat' dir='ltr'>Castae</span> <span class='ocrx_word' id='word_1_110' title='bbox 1103 1122 1223 1153; x_wconf 84' lang='lat' dir='ltr'>matris.</span> 
     </span>
     <span class='ocr_line' id='line_1_18' title="bbox 150 1185 1306 1228; baseline 0.001 -10"><span class='ocrx_word' id='word_1_111' title='bbox 150 1185 206 1218; x_wconf 88' lang='lat' dir='ltr'>5a.</span> <span class='ocrx_word' id='word_1_112' title='bbox 232 1185 334 1217; x_wconf 89' lang='lat' dir='ltr'>Isaias</span> <span class='ocrx_word' id='word_1_113' title='bbox 360 1189 465 1217; x_wconf 84' lang='lat' dir='ltr'>sectus</span> <span class='ocrx_word' id='word_1_114' title='bbox 492 1187 549 1225; x_wconf 83' lang='lat' dir='ltr'>est,</span> <span class='ocrx_word' id='word_1_115' title='bbox 836 1186 894 1220; x_wconf 84' lang='lat' dir='ltr'>5b.</span> <span class='ocrx_word' id='word_1_116' title='bbox 918 1187 952 1220; x_wconf 88' lang='lat' dir='ltr'>Si</span> <span class='ocrx_word' id='word_1_117' title='bbox 976 1196 1038 1219; x_wconf 90' lang='lat' dir='ltr'>non</span> <span class='ocrx_word' id='word_1_118' title='bbox 1063 1187 1306 1228; x_wconf 85' lang='lat' dir='ltr'>confessoribus,</span> 
     </span>
     <span class='ocr_line' id='line_1_19' title="bbox 228 1232 1344 1276; baseline 0.003 -13"><span class='ocrx_word' id='word_1_119' title='bbox 228 1232 363 1264; x_wconf 86' lang='lat' dir='ltr'>Praesul</span> <span class='ocrx_word' id='word_1_120' title='bbox 388 1240 462 1263; x_wconf 85' lang='lat' dir='ltr'>ense</span> <span class='ocrx_word' id='word_1_121' title='bbox 486 1235 596 1264; x_wconf 85' lang='lat' dir='ltr'>nectus</span> <span class='ocrx_word' id='word_1_122' title='bbox 623 1236 680 1274; x_wconf 87' lang='lat' dir='ltr'>est,</span> <span class='ocrx_word' id='word_1_123' title='bbox 919 1234 1038 1266; x_wconf 78' lang='lat' dir='ltr'>Credat</span> <span class='ocrx_word' id='word_1_124' title='bbox 1064 1235 1116 1266; x_wconf 89' lang='lat' dir='ltr'>vel</span> <span class='ocrx_word' id='word_1_125' title='bbox 1139 1235 1344 1276; x_wconf 79' lang='lat' dir='ltr'>martyribus,</span> 
     </span>
     <span class='ocr_line' id='line_1_20' title="bbox 230 1278 1298 1321; baseline 0.002 -9"><span class='ocrx_word' id='word_1_126' title='bbox 230 1278 387 1319; x_wconf 83' lang='lat' dir='ltr'>Probans,</span> <span class='ocrx_word' id='word_1_127' title='bbox 413 1280 497 1319; x_wconf 82' lang='lat' dir='ltr'>quod</span> <span class='ocrx_word' id='word_1_128' title='bbox 525 1282 643 1313; x_wconf 88' lang='lat' dir='ltr'>electus</span> <span class='ocrx_word' id='word_1_129' title='bbox 669 1284 718 1313; x_wconf 81' lang='lat' dir='ltr'>est</span> <span class='ocrx_word' id='word_1_130' title='bbox 915 1282 1055 1314; x_wconf 81' lang='lat' dir='ltr'>Parcens</span> <span class='ocrx_word' id='word_1_131' title='bbox 1080 1282 1298 1321; x_wconf 78' lang='lat' dir='ltr'>proditoribus</span> 
     </span>
     <span class='ocr_line' id='line_1_21' title="bbox 278 1327 1161 1369; baseline 0.003 -11"><span class='ocrx_word' id='word_1_132' title='bbox 278 1327 349 1359; x_wconf 82' lang='lat' dir='ltr'>Rex</span> <span class='ocrx_word' id='word_1_133' title='bbox 372 1327 513 1367; x_wconf 86' lang='lat' dir='ltr'>indigne.</span> <span class='ocrx_word' id='word_1_134' title='bbox 962 1329 1031 1361; x_wconf 90' lang='lat' dir='ltr'>Deo</span> <span class='ocrx_word' id='word_1_135' title='bbox 1057 1329 1161 1369; x_wconf 82' lang='lat' dir='ltr'>digne.</span> 
     </span>
     <span class='ocr_line' id='line_1_22' title="bbox 145 1393 1290 1434; baseline -0.001 -6"><span class='ocrx_word' id='word_1_136' title='bbox 145 1396 201 1428; x_wconf 86' lang='lat' dir='ltr'>6a.</span> <span class='ocrx_word' id='word_1_137' title='bbox 230 1394 254 1427; x_wconf 95' lang='lat' dir='ltr'>O</span> <span class='ocrx_word' id='word_1_138' title='bbox 281 1393 361 1425; x_wconf 79' lang='lat' dir='ltr'>felix</span> <span class='ocrx_word' id='word_1_139' title='bbox 386 1394 514 1433; x_wconf 86' lang='lat' dir='ltr'>Anglia,</span> <span class='ocrx_word' id='word_1_140' title='bbox 834 1395 891 1428; x_wconf 84' lang='lat' dir='ltr'>6b.</span> <span class='ocrx_word' id='word_1_141' title='bbox 916 1394 1013 1433; x_wconf 80' lang='lat' dir='ltr'>Quem</span> <span class='ocrx_word' id='word_1_142' title='bbox 1040 1395 1153 1426; x_wconf 79' lang='lat' dir='ltr'>docent</span> <span class='ocrx_word' id='word_1_143' title='bbox 1173 1395 1290 1434; x_wconf 86' lang='lat' dir='ltr'>gaudia</span> 
     </span>
     <span class='ocr_line' id='line_1_23' title="bbox 229 1441 1179 1482; baseline 0.001 -9"><span class='ocrx_word' id='word_1_144' title='bbox 229 1441 306 1473; x_wconf 91' lang='lat' dir='ltr'>Flos</span> <span class='ocrx_word' id='word_1_145' title='bbox 332 1441 477 1481; x_wconf 85' lang='lat' dir='ltr'>angelica</span> <span class='ocrx_word' id='word_1_146' title='bbox 914 1442 1028 1474; x_wconf 84' lang='lat' dir='ltr'>Vereri</span> <span class='ocrx_word' id='word_1_147' title='bbox 1051 1443 1179 1482; x_wconf 84' lang='lat' dir='ltr'>coelica,</span> 
     </span>
     <span class='ocr_line' id='line_1_24' title="bbox 270 1488 1204 1529; baseline 0 -8"><span class='ocrx_word' id='word_1_148' title='bbox 270 1489 334 1521; x_wconf 91' lang='lat' dir='ltr'>Per</span> <span class='ocrx_word' id='word_1_149' title='bbox 358 1488 559 1520; x_wconf 81' lang='lat' dir='ltr'>sacerdotum</span> <span class='ocrx_word' id='word_1_150' title='bbox 959 1490 1069 1529; x_wconf 88' lang='lat' dir='ltr'>Ipsum</span> <span class='ocrx_word' id='word_1_151' title='bbox 1094 1490 1204 1529; x_wconf 72' lang='lat' dir='ltr'>genuit</span> 
     </span>
     <span class='ocr_line' id='line_1_25' title="bbox 318 1536 1178 1577; baseline 0.002 -10"><span class='ocrx_word' id='word_1_152' title='bbox 318 1536 484 1576; x_wconf 73' lang='lat' dir='ltr'>martyria,</span> <span class='ocrx_word' id='word_1_153' title='bbox 1009 1546 1178 1577; x_wconf 86' lang='lat' dir='ltr'>puerpera.</span> 
     </span>
    </p>
   </div>
   <div class='ocr_carea' id='block_1_5' title="bbox 140 1618 1455 1732">
    <p class='ocr_par' dir='ltr' id='par_1_7' title="bbox 140 1618 1455 1732">
     <span class='ocr_line' id='line_1_26' title="bbox 215 1618 1454 1657; baseline 0 -8"><span class='ocrx_word' id='word_1_154' title='bbox 215 1621 299 1649; x_wconf 80' lang='lat' dir='ltr'>Miss.</span> <span class='ocrx_word' id='word_1_155' title='bbox 320 1629 374 1648; x_wconf 89' lang='lat' dir='ltr'>ms.</span> <span class='ocrx_word' id='word_1_156' title='bbox 396 1619 491 1656; x_wconf 77' lang='lat' dir='ltr'>Capit.</span> <span class='ocrx_word' id='word_1_157' title='bbox 513 1619 696 1647; x_wconf 82' lang='lat' dir='ltr'>Gracoviens.</span> <span class='ocrx_word' id='word_1_158' title='bbox 719 1618 746 1647; x_wconf 81' lang='lat'>2.</span> <span class='ocrx_word' id='word_1_159' title='bbox 768 1622 838 1648; x_wconf 86' lang='lat' dir='ltr'>anni</span> <span class='ocrx_word' id='word_1_160' title='bbox 860 1619 942 1649; x_wconf 82' lang='lat'>1438.</span> <span class='ocrx_word' id='word_1_161' title='bbox 963 1621 998 1648; x_wconf 91' lang='lat' dir='ltr'>A.</span> <span class='ocrx_word' id='word_1_162' title='bbox 1019 1636 1054 1640; x_wconf 90' lang='lat'>—-</span> <span class='ocrx_word' id='word_1_163' title='bbox 1069 1622 1153 1649; x_wconf 51' lang='lat' dir='ltr'>Misw.</span> <span class='ocrx_word' id='word_1_164' title='bbox 1173 1630 1226 1649; x_wconf 88' lang='lat' dir='ltr'>ms.</span> <span class='ocrx_word' id='word_1_165' title='bbox 1242 1620 1335 1657; x_wconf 85' lang='lat' dir='ltr'>Capit.</span> <span class='ocrx_word' id='word_1_166' title='bbox 1351 1620 1454 1650; x_wconf 86' lang='lat' dir='ltr'>Craco-</span> 
     </span>
     <span class='ocr_line' id='line_1_27' title="bbox 140 1657 1452 1695; baseline 0.001 -9"><span class='ocrx_word' id='word_1_167' title='bbox 140 1660 233 1686; x_wconf 82' lang='lat' dir='ltr'>viens.</span> <span class='ocrx_word' id='word_1_168' title='bbox 257 1657 281 1686; x_wconf 90' lang='lat'>1.</span> <span class='ocrx_word' id='word_1_169' title='bbox 302 1667 378 1686; x_wconf 82' lang='lat' dir='ltr'>saec.</span> <span class='ocrx_word' id='word_1_170' title='bbox 401 1657 445 1685; x_wconf 80' lang='lat'>15.</span> <span class='ocrx_word' id='word_1_171' title='bbox 462 1659 496 1686; x_wconf 84' lang='lat' dir='ltr'>B.</span> <span class='ocrx_word' id='word_1_172' title='bbox 516 1673 553 1677; x_wconf 92' lang='lat'><em>-</em></span> <span class='ocrx_word' id='word_1_173' title='bbox 576 1657 627 1692; x_wconf 80' lang='lat' dir='ltr'>la,</span> <span class='ocrx_word' id='word_1_174' title='bbox 651 1657 663 1685; x_wconf 95' lang='lat'>1</span> <span class='ocrx_word' id='word_1_175' title='bbox 682 1659 892 1687; x_wconf 84' lang='lat' dir='ltr'>Laetabundus</span> <span class='ocrx_word' id='word_1_176' title='bbox 912 1660 972 1687; x_wconf 87' lang='lat' dir='ltr'>AB.</span> <span class='ocrx_word' id='word_1_177' title='bbox 992 1675 1031 1679; x_wconf 97' lang='lat'><strong>—</strong></span> <span class='ocrx_word' id='word_1_178' title='bbox 1050 1658 1102 1694; x_wconf 82' lang='lat'><strong>21›‚</strong></span> <span class='ocrx_word' id='word_1_179' title='bbox 1126 1658 1140 1686; x_wconf 88' lang='lat'>1</span> <span class='ocrx_word' id='word_1_180' title='bbox 1163 1668 1229 1695; x_wconf 82' lang='lat' dir='ltr'>spes</span> <span class='ocrx_word' id='word_1_181' title='bbox 1242 1659 1303 1687; x_wconf 89' lang='lat' dir='ltr'>AB.</span> <span class='ocrx_word' id='word_1_182' title='bbox 1317 1658 1419 1695; x_wconf 82' lang='lat' dir='ltr'>—4a,</span> <span class='ocrx_word' id='word_1_183' title='bbox 1434 1658 1452 1688; x_wconf 88' lang='lat'>3</span> 
     </span>
     <span class='ocr_line' id='line_1_28' title="bbox 142 1696 1455 1732; baseline 0.001 -7"><span class='ocrx_word' id='word_1_184' title='bbox 142 1697 249 1725; x_wconf 77' lang='lat' dir='ltr'>Forma</span> <span class='ocrx_word' id='word_1_185' title='bbox 267 1697 354 1732; x_wconf 84' lang='lat' dir='ltr'>panis</span> <span class='ocrx_word' id='word_1_186' title='bbox 373 1696 441 1731; x_wconf 76' lang='lat' dir='ltr'>AB,</span> <span class='ocrx_word' id='word_1_187' title='bbox 460 1704 555 1732; x_wconf 84' lang='lat' dir='ltr'>gegen</span> <span class='ocrx_word' id='word_1_188' title='bbox 574 1696 630 1724; x_wconf 83' lang='lat' dir='ltr'>den</span> <span class='ocrx_word' id='word_1_189' title='bbox 649 1697 742 1724; x_wconf 86' lang='lat' dir='ltr'>Reim.</span> <span class='ocrx_word' id='word_1_190' title='bbox 764 1713 801 1717; x_wconf 91' lang='lat'>—</span> <span class='ocrx_word' id='word_1_191' title='bbox 820 1698 889 1725; x_wconf 82' lang='lat' dir='ltr'>Mel.</span> <span class='ocrx_word' id='word_1_192' title='bbox 909 1697 1214 1727; x_wconf 67' lang='lat' dir='ltr'>selbstverstandlieh:</span> <span class='ocrx_word' id='word_1_193' title='bbox 1234 1698 1455 1726; x_wconf 84' lang='lat' dir='ltr'>Laetabundus.</span> 
     </span>
    </p>
   </div>
   <div class='ocr_carea' id='block_1_6' title="bbox 510 1806 1092 1841">
    <p class='ocr_par' dir='ltr' id='par_1_8' title="bbox 510 1806 1092 1841">
     <span class='ocr_line' id='line_1_29' title="bbox 510 1806 1092 1841; baseline 0.003 -4"><span class='ocrx_word' id='word_1_194' title='bbox 510 1806 578 1838; x_wconf 86' lang='lat'>352.</span> <span class='ocrx_word' id='word_1_195' title='bbox 617 1808 661 1839; x_wconf 91' lang='lat' dir='ltr'>De</span> <span class='ocrx_word' id='word_1_196' title='bbox 680 1816 703 1839; x_wconf 83' lang='lat' dir='ltr'>s.</span> <span class='ocrx_word' id='word_1_197' title='bbox 725 1808 839 1840; x_wconf 79' lang='lat' dir='ltr'>Thoma</span> <span class='ocrx_word' id='word_1_198' title='bbox 862 1808 1092 1841; x_wconf 71' lang='lat' dir='ltr'>cantuariensi.</span> 
     </span>
    </p>
   </div>
   <div class='ocr_carea' id='block_1_7' title="bbox 140 1886 1341 2407">
    <p class='ocr_par' dir='ltr' id='par_1_9' title="bbox 140 1886 1341 2407">
     <span class='ocr_line' id='line_1_30' title="bbox 140 1886 1318 1929; baseline 0 -8"><span class='ocrx_word' id='word_1_199' title='bbox 140 1890 195 1921; x_wconf 79' lang='lat' dir='ltr'>la.</span> <span class='ocrx_word' id='word_1_200' title='bbox 224 1887 347 1920; x_wconf 86' lang='lat' dir='ltr'>Plaude</span> <span class='ocrx_word' id='word_1_201' title='bbox 372 1886 545 1921; x_wconf 83' lang='lat' dir='ltr'>Gantuaria</span> <span class='ocrx_word' id='word_1_202' title='bbox 828 1888 887 1921; x_wconf 89' lang='lat' dir='ltr'>1b.</span> <span class='ocrx_word' id='word_1_203' title='bbox 909 1890 973 1922; x_wconf 88' lang='lat' dir='ltr'>Per</span> <span class='ocrx_word' id='word_1_204' title='bbox 996 1892 1131 1921; x_wconf 87' lang='lat' dir='ltr'>mortem</span> <span class='ocrx_word' id='word_1_205' title='bbox 1155 1888 1318 1929; x_wconf 86' lang='lat' dir='ltr'>pontificis</span> 
     </span>
     <span class='ocr_line' id='line_1_31' title="bbox 269 1935 1287 1977; baseline 0.003 -11"><span class='ocrx_word' id='word_1_206' title='bbox 269 1935 388 1967; x_wconf 83' lang='lat' dir='ltr'>Plausu</span> <span class='ocrx_word' id='word_1_207' title='bbox 419 1937 581 1975; x_wconf 87' lang='lat' dir='ltr'>renovato,</span> <span class='ocrx_word' id='word_1_208' title='bbox 955 1936 1045 1969; x_wconf 85' lang='lat' dir='ltr'>Mors</span> <span class='ocrx_word' id='word_1_209' title='bbox 1069 1936 1287 1977; x_wconf 82' lang='lat' dir='ltr'>mortificatur,</span> 
     </span>
     <span class='ocr_line' id='line_1_32' title="bbox 221 1981 1280 2025; baseline 0.001 -10"><span class='ocrx_word' id='word_1_210' title='bbox 221 1983 335 2015; x_wconf 86' lang='lat' dir='ltr'>Laude</span> <span class='ocrx_word' id='word_1_211' title='bbox 358 1981 535 2014; x_wconf 84' lang='lat' dir='ltr'>multifaria</span> <span class='ocrx_word' id='word_1_212' title='bbox 907 1985 972 2017; x_wconf 87' lang='lat' dir='ltr'>Per</span> <span class='ocrx_word' id='word_1_213' title='bbox 996 1993 1141 2017; x_wconf 89' lang='lat' dir='ltr'>occasum</span> <span class='ocrx_word' id='word_1_214' title='bbox 1163 1986 1280 2025; x_wconf 84' lang='lat' dir='ltr'>judicis</span> 
     </span>
     <span class='ocr_line' id='line_1_33' title="bbox 268 2030 1283 2073; baseline 0.003 -11"><span class='ocrx_word' id='word_1_215' title='bbox 268 2031 372 2063; x_wconf 89' lang='lat' dir='ltr'>Deum</span> <span class='ocrx_word' id='word_1_216' title='bbox 403 2030 595 2073; x_wconf 84' lang='lat' dir='ltr'>collaudato,</span> <span class='ocrx_word' id='word_1_217' title='bbox 955 2031 1013 2064; x_wconf 86' lang='lat' dir='ltr'>Jus</span> <span class='ocrx_word' id='word_1_218' title='bbox 1037 2033 1283 2073; x_wconf 81' lang='lat' dir='ltr'>redintegratur,</span> 
     </span>
     <span class='ocr_line' id='line_1_34' title="bbox 218 2077 1313 2122; baseline 0 -10"><span class='ocrx_word' id='word_1_219' title='bbox 218 2079 305 2112; x_wconf 89' lang='lat' dir='ltr'>Urbs</span> <span class='ocrx_word' id='word_1_220' title='bbox 334 2077 543 2118; x_wconf 87' lang='lat' dir='ltr'>sanctificata,</span> <span class='ocrx_word' id='word_1_221' title='bbox 906 2079 996 2111; x_wconf 87' lang='lat' dir='ltr'>Mors</span> <span class='ocrx_word' id='word_1_222' title='bbox 1019 2083 1154 2112; x_wconf 88' lang='lat' dir='ltr'>mortem</span> <span class='ocrx_word' id='word_1_223' title='bbox 1178 2080 1313 2122; x_wconf 81' lang='lat' dir='ltr'>fugavit,</span> 
     </span>
     <span class='ocr_line' id='line_1_35' title="bbox 218 2125 1306 2169; baseline 0.001 -10"><span class='ocrx_word' id='word_1_224' title='bbox 218 2126 374 2160; x_wconf 84' lang='lat' dir='ltr'>Firmiter</span> <span class='ocrx_word' id='word_1_225' title='bbox 395 2125 541 2166; x_wconf 84' lang='lat' dir='ltr'>fundata,</span> <span class='ocrx_word' id='word_1_226' title='bbox 906 2126 1009 2159; x_wconf 86' lang='lat' dir='ltr'>Fraus</span> <span class='ocrx_word' id='word_1_227' title='bbox 1037 2127 1134 2160; x_wconf 89' lang='lat' dir='ltr'>fidem</span> <span class='ocrx_word' id='word_1_228' title='bbox 1157 2128 1306 2169; x_wconf 83' lang='lat' dir='ltr'>firmavit,</span> 
     </span>
     <span class='ocr_line' id='line_1_36' title="bbox 217 2174 1257 2216; baseline 0 -8"><span class='ocrx_word' id='word_1_229' title='bbox 217 2174 287 2208; x_wconf 84' lang='lat' dir='ltr'>Deo</span> <span class='ocrx_word' id='word_1_230' title='bbox 315 2176 509 2214; x_wconf 84' lang='lat' dir='ltr'>consecrata,</span> <span class='ocrx_word' id='word_1_231' title='bbox 905 2174 979 2207; x_wconf 79' lang='lat' dir='ltr'>Nox</span> <span class='ocrx_word' id='word_1_232' title='bbox 1005 2175 1089 2206; x_wconf 85' lang='lat' dir='ltr'>diem</span> <span class='ocrx_word' id='word_1_233' title='bbox 1110 2177 1257 2216; x_wconf 79' lang='lat' dir='ltr'>novavit3</span> 
     </span>
     <span class='ocr_line' id='line_1_37' title="bbox 265 2222 1307 2263; baseline 0.002 -9"><span class='ocrx_word' id='word_1_234' title='bbox 265 2222 411 2255; x_wconf 81' lang='lat' dir='ltr'>Pretioso</span> <span class='ocrx_word' id='word_1_235' title='bbox 438 2222 591 2261; x_wconf 82' lang='lat' dir='ltr'>sanguine</span> <span class='ocrx_word' id='word_1_236' title='bbox 951 2222 1039 2254; x_wconf 80' lang='lat' dir='ltr'>Mira</span> <span class='ocrx_word' id='word_1_237' title='bbox 1066 2223 1146 2255; x_wconf 90' lang='lat' dir='ltr'>lucis</span> <span class='ocrx_word' id='word_1_238' title='bbox 1171 2224 1307 2263; x_wconf 77' lang='lat' dir='ltr'>novitas,</span> 
     </span>
     <span class='ocr_line' id='line_1_38' title="bbox 216 2270 1314 2313; baseline 0 -9"><span class='ocrx_word' id='word_1_239' title='bbox 216 2270 379 2304; x_wconf 86' lang='lat' dir='ltr'>Praesulis</span> <span class='ocrx_word' id='word_1_240' title='bbox 405 2271 518 2302; x_wconf 84' lang='lat' dir='ltr'>ornata</span> <span class='ocrx_word' id='word_1_241' title='bbox 905 2270 1004 2309; x_wconf 67' lang='lat' dir='ltr'>Quam</span> <span class='ocrx_word' id='word_1_242' title='bbox 1028 2279 1092 2302; x_wconf 76' lang='lat' dir='ltr'>nox</span> <span class='ocrx_word' id='word_1_243' title='bbox 1115 2270 1314 2313; x_wconf 83' lang='lat' dir='ltr'>reformavit,</span> 
     </span>
     <span class='ocr_line' id='line_1_39' title="bbox 262 2317 1288 2363; baseline 0 -12"><span class='ocrx_word' id='word_1_244' title='bbox 262 2318 308 2351; x_wconf 79' lang='lat' dir='ltr'>Et,</span> <span class='ocrx_word' id='word_1_245' title='bbox 331 2317 434 2350; x_wconf 85' lang='lat' dir='ltr'>sancti</span> <span class='ocrx_word' id='word_1_246' title='bbox 458 2317 612 2349; x_wconf 86' lang='lat' dir='ltr'>solamine</span> <span class='ocrx_word' id='word_1_247' title='bbox 950 2317 1102 2350; x_wconf 84' lang='lat' dir='ltr'>Miranda</span> <span class='ocrx_word' id='word_1_248' title='bbox 1125 2319 1288 2363; x_wconf 87' lang='lat' dir='ltr'>vivacitas,</span> 
     </span>
     <span class='ocr_line' id='line_1_40' title="bbox 215 2365 1341 2407; baseline 0 -7"><span class='ocrx_word' id='word_1_249' title='bbox 215 2367 358 2400; x_wconf 84' lang='lat' dir='ltr'>Thomae</span> <span class='ocrx_word' id='word_1_250' title='bbox 382 2365 529 2399; x_wconf 85' lang='lat' dir='ltr'>solidata.</span> <span class='ocrx_word' id='word_1_251' title='bbox 903 2366 1002 2407; x_wconf 77' lang='lat' dir='ltr'>Quam</span> <span class='ocrx_word' id='word_1_252' title='bbox 1026 2375 1111 2398; x_wconf 90' lang='lat' dir='ltr'>mors</span> <span class='ocrx_word' id='word_1_253' title='bbox 1136 2367 1341 2402; x_wconf 79' lang='lat' dir='ltr'>ministravit.</span> 
     </span>
    </p>
   </div>
   <div class='ocr_carea' id='block_1_8' title="bbox 186 2421 1273 2454">
    <p class='ocr_par' dir='ltr' id='par_1_10' title="bbox 186 2421 1273 2454">
     <span class='ocr_line' id='line_1_41' title="bbox 186 2421 1273 2454; baseline -0.004 -3"><span class='ocrx_word' id='word_1_254' title='bbox 186 2427 314 2453; x_wconf 77' lang='lat' dir='ltr'>Droves,</span> <span class='ocrx_word' id='word_1_255' title='bbox 331 2425 476 2454; x_wconf 75' lang='lat' dir='ltr'>Sequentiae</span> <span class='ocrx_word' id='word_1_256' title='bbox 487 2425 605 2449; x_wconf 76' lang='lat' dir='ltr'>Ineditae.</span> <span class='ocrx_word' id='word_1_257' title='bbox 632 2425 666 2449; x_wconf 89' lang='lat'>11.</span> <span class='ocrx_word' id='word_1_258' title='bbox 1238 2421 1273 2450; x_wconf 80' lang='grc'>17</span> 
     </span>
    </p>
   </div>
  </div>
 </body>
</html>
