1653 2632
678 148 939 183 —225—-

152 240 208 272 2a.
236 240 260 273 O
286 241 337 274 vir
362 245 472 274 sancte
495 243 669 283 Maturine,
843 245 901 278 ab.
926 245 1054 286 Stringe
1074 248 1203 276 nostrae
1220 245 1323 276 carnis
1340 243 1469 285 fluxum,

231 288 292 321 Vir
315 291 480 330 virtutum,
506 291 557 323 vir
583 291 698 330 divine,
926 292 1019 324 Sicca
1042 300 1138 329 mare,
1165 301 1267 332 purga
1290 293 1410 331 luxum,

234 336 294 368 Vir
318 340 463 369 maturae
486 339 675 378 medicinae,
923 339 973 371 Ne
996 348 1175 379 mergamur
1199 341 1273 378 post
1295 337 1450 370 refluxum

281 384 417 417 Medere
440 385 674 425 languentibus.
967 386 1102 419 Mellitis
1126 386 1159 417 in
1183 384 1342 419 fluctibus.

151 440 207 474 ea.
235 441 309 472 Irae
334 439 443 473 fervor
468 442 697 482 exstinguatur,
844 443 902 476 3b.
924 443 970 476 Ut
988 443 1130 475 vivamus
1155 443 1224 475 Deo
1249 443 1342 483 grati,

235 488 314 520 Sitis
340 497 435 528 opum
462 493 689 529 compescatur,
924 490 1035 530 Regno
1060 490 1122 522 Dei
1146 490 1340 530 praeparati,

235 535 325 567 Faex
350 536 461 568 livoris
487 537 676 568 excludatur
925 537 999 569 Sole
1025 537 1150 570 Christo
1175 539 1313 569 serenati

281 582 327 615 Et
350 583 486 615 mordax
515 583 681 616 detractio.
972 584 1010 616 In
1036 585 1133 616 solari
1157 585 1246 619 solio.

225 667 310 695 Miss.
331 676 384 695 ms.
406 667 435 695 S.
455 668 600 694 Maturini
619 668 779 695 Parisiens.
804 669 874 696 anni
896 667 969 696 1510
991 668 1062 696 Cod.
1082 669 1224 696 Mazarin.
1244 666 1299 696 430
1321 666 1411 703 (233).
1433 683 1469 688 —

148 706 219 733 Mel.
236 704 408 740 jedenfalls:
429 706 560 733 Verbum
584 706 701 733 bonum.

580 806 647 838 303.
688 807 732 838 Dc
753 807 860 838 saneto
880 806 1037 838 Mauritio.

151 878 209 911 la.
236 878 289 910 Ex
313 876 430 910 affectu
456 876 563 908 cordis
588 877 699 908 mundi
841 876 900 910 lb.
924 877 983 916 Qui
1029 885 1089 916 pro
1140 876 1264 908 Christo
1314 879 1471 916 spernunt,

232 925 423 957 Recolamus
448 924 635 956 laetabundi
1238 924 1400 962 mundum,

280 972 464 1012 Martyrum
487 971 682 1011 memoriam,
923 970 970 1002 Ut
987 970 1027 1002 de
1042 971 1161 1002 mundo
1178 970 1306 1002 mittant
1317 970 1470 1002 mundum

972 1017 1126 1056 Spiritum
1152 1018 1193 1049 ad
1217 1017 1364 1057 patriam.

149 1078 206 1110 2a.
232 1076 287 1108 Ad
312 1076 498 1108 mandatum
523 1075 610 1107 saevi
632 1076 717 1116 regis
841 1073 900 1105 2b.
924 1073 1033 1105 Scelus
1058 1074 1144 1105 idem
1168 1074 1314 1115 iteratur,

233 1123 335 1155 Ferro
363 1132 472 1155 caesus
497 1123 544 1162 pii
570 1122 674 1162 gregis
920 1120 966 1153 Ut.
990 1121 1051 1152 hoc
1075 1124 1162 1152 metu
1186 1124 1346 1152 terreatur

283 1171 378 1203 Cadit
402 1170 535 1210 quisque
561 1170 711 1209 decimus,
969 1168 1120 1208 Legionis
1146 1168 1278 1202 animus

149 1230 205 1262 32.
232 1229 390 1261 Fremunt
413 1228 521 1259 hostes
540 1227 599 1258 sed
624 1226 765 1258 Thebaei
840 1224 898 1257 3b.
920 1224 1006 1256 Mori
1031 1224 1119 1264 prior
1145 1225 1277 1264 quisque
1301 1227 1404 1263 vovet,

234 1277 372 1316 Propter
396 1276 617 1306 testamentum
644 1273 706 1305 Dei
921 1271 1016 1303 Felix
1040 1272 1138 1311 locus,
1164 1272 1217 1311 qui
1239 1274 1288 1303 tot
1312 1269 1401 1303 fovet,

282 1322 346 1355 Sua
370 1322 503 1354 tradunt
529 1330 684 1360 corpora3
966 1318 1112 1350 Pretiosa
1135 1319 1279 1359 pignora.

147 1381 205 1413 4a.
230 1380 326 1411 Felix
352 1382 449 1418 terra,
476 1377 555 1409 felix
578 1380 718 1417 pratum,
837 1375 899 1408 4b.
920 1375 1015 1406 Felix
1040 1375 1146 1406 virens
1171 1374 1358 1417 Viroletum‚

230 1427 375 1460 Pretioso
401 1428 612 1466 purpuratum
921 1422 987 1454 Ubi
1013 1423 1115 1454 laetus
1140 1422 1227 1454 subit
1249 1423 1347 1454 letum

277 1474 498 1506 Thebaeorum
523 1472 685 1514 sanguine,
970 1469 1055 1502 Grex
1080 1479 1140 1509 pro
1166 1469 1286 1502 Christi
1310 1469 1445 1502 nomine.

148 1534 204 1565 5a.
231 1532 424 1563 victimatur
448 1538 527 1569 grex
550 1528 665 1567 fidelis,
839 1527 894 1560 5⁷0.
917 1526 1014 1558 Venit
1036 1527 1148 1567 hostis,
1170 1529 1266 1570 secat,
1295 1527 1409 1569 caedit,

231 1579 327 1618 Cujus
351 1586 474 1609 merces
500 1580 549 1608 est
572 1577 606 1608 in
631 1575 738 1617 caeliS,
920 1574 985 1607 Sed
1010 1583 1089 1615 grex
1113 1583 1204 1606 sacer
1227 1575 1331 1605 minus
1358 1574 1455 1614 cedit,

279 1626 375 1659 Cadit.
398 1625 456 1657 sed
480 1633 544 1656 non
569 1624 717 1663 vincitur,
966 1622 1089 1661 Quanto
1115 1622 1214 1662 magis
1241 1622 1392 1654 caeditur.

148 1685 203 1717 6a.
233 1683 258 1716 Ο
285 1682 428 1721 Mauriti,
454 1682 546 1713 miles
572 1679 676 1719 fortis,
838 1678 896 1712 61).
918 1679 987 1710 Fac
1010 1679 1044 1710 in
1067 1679 1156 1718 pacis
1179 1679 1301 1710 visione

232 1730 257 1763 Ο
283 1729 452 1762 Thebaeae
478 1729 542 1760 dux
568 1727 716 1767 cohortis,
922 1725 1000 1757 Cum
1024 1725 1175 1756 Thebaea
1198 1726 1323 1765 legione

281 1776 407 1809 Christo
432 1784 489 1807 nos
516 1775 659 1814 concilia,
966 1772 1033 1804 Nos
1059 1771 1123 1803 frui
1147 1773 1279 1804 laetitia.

221 1861 306 1888 Miss.
327 1868 380 1887 ms.
401 1858 612 1894 Hospitalense
631 1866 706 1885 saec.
730 1856 774 1885 15.
798 1854 866 1884 Cod.
887 1857 917 1884 S.
942 1857 1029 1884 Pauli
1052 1856 1090 1883 ad
1113 1856 1279 1884 Laventum
1305 1858 1409 1886 memb.
1436 1857 1469 1886 7,

147 1900 183 1927 A.
204 1914 241 1918 —
261 1898 345 1927 Miss.
366 1906 419 1925 ms.
439 1897 611 1924 Mellicense
639 1893 713 1923 1037
742 1903 817 1922 saec.
845 1893 889 1921 14.
910 1895 943 1922 B.
968 1911 1006 1914 —
1026 1895 1108 1922 Mis-⁶.
1136 1903 1190 1922 ms.
1212 1895 1383 1923 Mellicenso
1410 1895 1463 1924 991

149 1946 225 1966 saec.
247 1935 283 1964 15
306 1937 338 1963 G.
359 1950 395 1955 —
415 1936 499 1963 Miss.
520 1943 572 1961 ms.
594 1934 767 1961 Mellicense
788 1931 843 1960 987
864 1941 939 1960 saec.
963 1931 997 1960 15
1011 1933 1047 1960 D.
1068 1947 1106 1951 —
1121 1933 1258 1969 Sequent.
1272 1942 1325 1960 ms.
1341 1933 1369 1961 S.
1384 1935 1467 1962 Petri

145 1975 363 2011 Salisburgens.
385 1981 461 2001 saec.
485 1971 529 2000 16.
541 1971 620 2008 (post
630 1973 713 2000 Miss.
724 1972 850 1999 Romam
870 1972 939 2006 imp.
950 1971 1084 1998 Venetiis
1096 1969 1180 2006 1513)
1193 1971 1230 1999 E.
1251 1986 1288 1990 —-
1307 1972 1390 1999 Miss.
1410 1982 1465 2001 ms.

145 2012 481 2042 Praemonstratensium
503 2019 580 2038 saec.
604 2009 648 2038 14.
671 2010 744 2037 Clm.
765 2010 935 2037 Monacens.
955 2007 1063 2037 23265.
1085 2009 1117 2036 F.
1139 2024 1176 2029 —
1196 2010 1279 2037 Miss.
1299 2019 1352 2037 ms.
1374 2010 1467 2039 Salis-

144 2054 291 2089 burgense
311 2059 386 2079 saec.
409 2048 453 2078 15.
476 2049 549 2077 Clm.
564 2049 734 2076 Monacens.
756 2045 865 2075 15719.
880 2047 914 2075 G.
934 2062 973 2066 —
992 2046 1046 2083 41»,
1068 2046 1238 2075 lvioletum
1251 2048 1293 2083 E3
1308 2060 1347 2070 =
1361 2049 1465 2078 Verol-

142 2092 200 2126 ley.
221 2105 259 2109 —
280 2088 334 2124 6b,
355 2087 374 2117 3
394 2088 504 2124 perfrui
524 2087 612 2115 BCD.

591 2188 656 2220 306.
696 2188 740 2219 De
761 2188 867 2219 sancto
888 2187 1004 2218 Mauro.

144 2271 200 2304 la.
226 2268 369 2301 Verbum
393 2267 510 2299 bonum
534 2273 709 2306 personare
833 2263 892 2298 lb.
914 2264 976 2296 Per
1000 2266 1041 2303 te,
1068 2265 1171 2303 pater,
1199 2263 1371 2296 emundata

223 2317 298 2350 Non
324 2323 482 2348 cessemus
508 2317 541 2346 et
565 2313 713 2352 clamare,
916 2311 1036 2343 Nostra
1061 2311 1160 2343 corda
1183 2311 1249 2342 sint
1274 2311 1374 2344 ditata

226 2365 343 2399 Sancte
365 2363 492 2403 Maure,
518 2371 576 2394 nos
601 2361 727 2393 salvare
915 2359 1024 2399 Bonis,
1051 2358 1164 2399 quibus
1188 2357 1246 2391 fiat
1269 2363 1361 2400 grata

271 2414 342 2446 Tua
366 2411 493 2453 possint
516 2410 641 2443 merita.
965 2406 1039 2439 Tibi
1063 2407 1134 2439 laus
1163 2407 1315 2440 exhibita.

195 2475 322 2501 Dreros,
337 2471 483 2501 Sequentiae
495 2469 611 2493 Ineditae.
644 2468 679 2491 ΙΙ.
1252 2463 1288 2492 15
