1653 2632
679 105 882 139 -8-

656 197 791 228 Vierter
814 198 900 229 Teil.

711 268 742 301 1.
767 268 840 307 Eja,

126 322 180 353 2a.
206 320 305 354 Sacra
331 323 497 363 cantilena,
807 323 864 355 2b.
886 323 1036 364 Martyri,
1065 324 1117 355 dic
1141 322 1243 356 frater

204 370 254 401 ter
263 367 293 413 8)
319 370 526 413 reciprocata,
887 370 943 402 ubi
969 374 1026 412 est,
1053 380 1146 411 quem
1156 369 1185 412 ⁹)
1213 370 1363 405 ferebas?

208 416 358 457 deprome
381 426 466 449 nunc
486 418 636 450 veridicis
885 418 927 450 ad
946 427 1039 458 quem
1057 421 1135 451 tunc
1150 419 1201 451 vir
1213 420 1430 452 sanctissimus

204 464 350 505 modulis,
884 465 1030 505 inquiens

204 511 280 550 quid
308 519 405 543 senex
432 512 557 544 dixerit.
885 514 1053 553 respondit
1075 514 1210 547 talibus:

123 568 177 601 3a.
204 567 298 599 Hunc
322 576 377 608 ego
402 568 430 599 si
453 567 591 607 scissem,
803 569 861 603 3b.
882 570 906 603 O
932 573 1042 602 sancte
1066 571 1215 611 Martyri,

202 623 261 654 per
283 615 383 654 pedes
408 615 579 646 tenuissem
885 617 1006 650 Christi
1027 618 1081 658 qui
1104 619 1250 650 meruisti

202 670 261 693 nec
285 662 332 693 ita
355 662 500 694 sinerem.
882 664 1008 704 bajulus
1030 664 1111 706 fieri,

119 718 175 751 4a.
204 717 267 750 Cur
289 718 414 757 quaeris
438 718 536 758 pedes
800 720 857 754 4b.
881 721 992 762 Nobis,
1018 723 1166 762 petimus,

200 765 286 796 illius
297 763 343 809 1⁰)
373 768 513 806 tangere,
882 768 943 800 hoc
965 769 1036 809 ipse
1059 779 1202 810 reposce,

201 822 299 860 Quem
323 824 425 853 totum
449 822 544 862 paulo
569 825 643 854 ante
881 825 942 865 Qui
964 825 1068 858 Deum
1092 826 1279 859 offendimus

199 869 302 900 tulisti
327 869 467 901 clausum
493 870 662 910 clamyde?
881 873 1065 912 quotidiano
1091 875 1221 914 scelere,

118 926 172 957 5a.
191 926 353 958 Possimus
377 928 414 957 ut
437 927 535 966 pedes
799 929 857 962 5b.
880 929 937 969 Te,
964 929 1099 970 Christe,
1125 931 1284 970 poscimus

199 972 284 1004 illius
309 972 523 1018 attingeress)
880 977 1058 1009 lacrimosis
1082 976 1219 1021 fletibus,

197 1020 296 1059 ipsius
322 1023 416 1060 atque
440 1019 510 1053 fore
879 1033 937 1056 nos
964 1025 1044 1056 coeli
1067 1026 1213 1066 gloriosis

197 1068 330 1107 perenni
353 1068 495 1100 membra
517 1067 657 1102 foedere.
880 1072 1018 1112 adjunge
1040 1073 1102 1112 piis
1129 1073 1281 1106 coetibus.

599 1127 630 1160 6.
658 1127 703 1160 Ut
724 1127 784 1159 tibi
807 1128 894 1167 patri
921 1155 927 1161 ,
957 1155 960 1161 .
990 1155 996 1161 .

207 1225 294 1261 Hier
326 1226 440 1262 bricht
473 1227 530 1262 die
566 1227 792 1265 Handschrift
828 1231 889 1273 ab,
926 1231 999 1266 und
1036 1232 1098 1267 das
1135 1232 1290 1268 Weitere
1325 1231 1423 1268 fehlt.

113 1281 422 1325 Augenscheinlich
445 1284 584 1328 betragt
608 1286 691 1321 aber
716 1286 830 1322 dieser
853 1286 1015 1323 fehlende
1030 1288 1117 1324 Rest
1140 1289 1237 1325 nicht
1256 1290 1355 1325 mehr
1372 1290 1424 1325 als

113 1338 169 1373 die
189 1338 465 1385 Schlussstrophe
490 1341 522 1384 6,
549 1342 595 1377 da
618 1342 725 1378 schon
747 1343 784 1378 in
800 1342 949 1389 Strophe
973 1344 1038 1381 4b.
1063 1346 1125 1381 der
1149 1346 1423 1383 abschliessende

113 1394 280 1431 Gedanke
313 1397 512 1441 eingeleitet
532 1398 587 1433 ist.
633 1398 699 1434 Bei
723 1399 790 1434 den
814 1401 1099 1437 verschwindend
1124 1403 1282 1447 wenigen
1304 1398 1422 1440 Ande-

111 1462 253 1497 rungen,
280 1453 336 1488 die
352 1463 408 1488 am
424 1454 672 1491 uberlieferten
687 1455 797 1491 Texte
812 1458 1011 1502 notwendig
1026 1469 1153 1503 waren,
1179 1459 1295 1496 diirfte
1313 1461 1422 1496 durch

113 1509 207 1544 diese
240 1509 397 1554 Sequenz
432 1521 501 1546 von
533 1521 659 1547 neuem
693 1513 755 1548 der
785 1513 920 1550 Beweis
952 1516 1113 1551 erbracht
1144 1517 1237 1562 sein,
1277 1517 1352 1553 dass
1383 1519 1421 1553 in

110 1566 386 1611 wohlbesorgten
408 1567 540 1603 Prosen
573 1569 629 1604 die
653 1568 790 1605 Pausen
821 1571 869 1605 im
896 1570 1026 1606 Innern
1057 1573 1120 1608 der
1152 1573 1328 1610 clausulae
1359 1576 1420 1611 be-

111 1624 263 1660 stimmte
280 1623 412 1660 Stellen
429 1625 553 1661 haben.
595 1625 809 1672 Sequenzen‚
837 1628 894 1663 die
912 1628 985 1664 dies
1003 1628 1129 1665 Gesetz
1147 1630 1418 1675 durchbrechen‚

110 1680 188 1716 sind
213 1681 320 1716 daher
344 1682 396 1717 als
420 1682 639 1718 verwilderte
664 1695 708 1719 zu
731 1684 945 1720 betrachten.
987 1685 1066 1731 Vgl.
1092 1687 1198 1723 Mone
1221 1687 1248 1723 Ι.
1275 1688 1311 1724 S.
1337 1689 1418 1725 235.

202 1756 342 1801 Lyon,
369 1757 437 1793 den
464 1757 517 1792 14.
543 1759 641 1794 Mttrz
667 1759 770 1794 1890.

773 1865 933 1912 Gruido
968 1867 1129 1912 Maria
1157 1868 1355 1915 Dreves,

183 2305 207 2343 8)
225 2309 311 2336 tertio
326 2308 379 2335 Hs.
394 2322 430 2326 —
448 2306 471 2343 ⁹)
492 2311 536 2336 est
554 2309 627 2337 fehlt
639 2310 693 2337 Hs.
709 2324 744 2328 —
762 2307 799 2344 1⁰)
817 2310 899 2338 illius
919 2312 1007 2348 pedes
1025 2313 1079 2341 Hs.
1094 2328 1132 2332 —-
1145 2311 1183 2349 11)
1202 2314 1361 2351 adtangere
1373 2316 1412 2343 H.
