1653 2632
687 125 946 160 —195—

164 218 221 250 8a.
248 217 351 249 Tuum
378 219 431 250 dic
451 218 564 261 filium,
696 219 699 222 '
853 221 911 256 8b.
934 222 1068 255 Sanctus
1093 231 1128 254 se
1152 222 1283 262 spiritus

249 266 322 299 Jam
344 266 426 306 J'uris
454 275 588 307 corpore
717 294 720 297 .
933 269 1034 301 Dedit
1057 270 1211 301 vicarium

250 312 306 345 Vis
331 313 431 346 habes
456 315 622 355 proprium
934 316 1123 349 Fecundans
1150 317 1281 349 coelitus

250 359 427 393 Consensus
451 362 567 394 robore
744 396 750 402 ,
934 363 1052 396 Uxoris
1077 365 1229 405 gremium

296 407 375 440 Dati
400 410 555 450 conjugio.
714 447 717 450 ¹
981 411 1028 443 Te
1050 412 1239 446 voluntario.

165 460 220 492 9a.
248 459 345 500 Virgo
369 461 551 502 verbigena,
854 463 912 496 9b.
935 463 991 503 Te,
1016 463 1115 503 virgo,
1141 464 1288 504 petimus,

249 507 348 551 Virgo
373 506 445 540 fons
470 509 602 550 gratiae,
934 510 990 550 Te,
1016 510 1146 550 Joseph,
1171 510 1291 551 inclite,

250 554 329 594 Nos,
352 564 411 587 nos
436 564 513 595 gens
539 556 673 596 advena,
931 557 1058 598 Vester,
1085 566 1177 598 quem
1203 557 1343 597 colimus,

250 602 343 634 Pleni
366 603 515 634 miseriae
934 605 1027 637 Jesus
1052 613 1109 636 nos
1134 605 1262 644 placide

296 649 451 689 Plenique
474 649 563 689 vitio,
983 651 1083 683 Locet
1102 652 1135 683 in
1161 652 1286 692 gaudio.

239 714 323 741 Miss.
351 723 403 741 ms.
426 714 520 750 Capit.
544 715 747 743 Olomucensis
774 713 839 743 355.
864 724 939 743 saee.
961 716 1005 744 1-5.
1025 718 1060 744 A.
1079 733 1118 736 —
1136 718 1218 745 Miss.
1238 726 1291 745 ms.
1311 719 1477 746 Romanum

166 759 242 778 saec.
270 749 314 779 15.
336 752 406 779 cod.
427 752 588 780 Parisiens.
608 750 734 788 (Arsen.)
758 751 815 784 200
833 753 867 781 B.
888 770 890 774 ·
944 754 965 782 J
972 754 1132 782 ohannis
1155 756 1326 784 Gersonii
1347 756 1475 783 doctoris

166 791 195 816 et
215 789 385 817 cancellarii
405 790 583 818 Parisiensis
603 792 692 818 tertia
710 799 778 826 pars
800 799 928 827 operum.
968 793 1101 820 Parisiis.
1123 791 1205 821 1606.
1227 803 1254 829 p.
1277 792 1339 821 127.
1362 793 1392 821 Ο.

239 826 276 854 In
297 827 324 854 A
340 827 407 855 sind
427 828 475 856 die
498 828 599 856 Zeilen
619 828 670 856 der
690 829 837 865 Strophen
856 830 1053 871 merkwiirdig
1074 831 1213 864 7verstellt,
1234 840 1266 859 so
1288 830 1353 859 dass
1372 833 1476 859 immet

162 864 211 892 die
240 865 415 893 siimtlichen
439 866 567 902 gei-aden
597 866 656 893 und
683 866 731 894 die
758 865 932 895 sfimtlichen
958 869 1126 904 unger-adon
1147 869 1248 896 Zeileu
1263 871 1343 897 einer
1362 878 1477 905 ganzen

163 902 289 938 Strophe
308 901 412 938 (wi-b)
427 904 459 939 je
480 906 545 931 eine
557 904 758 940 Halbstrophe
778 905 886 939 bilden,
907 906 1047 933 wodurch
1068 907 1215 934 natfirlich
1228 907 1311 942 jeder
1325 906 1399 934 Sinn
1412 916 1477 934 ver-

162 940 246 968 loren
265 941 343 977 geht.
382 941 454 969 Also
475 951 500 969 z.
520 942 570 969 B.:

620 978 670 1007 la.
690 981 736 1008 Ad
755 980 868 1016 Joseph
887 982 1014 1008 mittitur

691 1018 809 1045 Justum
830 1018 991 1054 alloquitur

690 1056 831 1083 Asserens
852 1057 966 1083 numini

690 1093 791 1121 Proles
812 1094 960 1121 Davidiea

690 1131 782 1159 Jussa
800 1134 828 1158 te
848 1132 966 1159 coelica.

164 1166 217 1201 la,
240 1165 258 1194 2
286 1169 396 1196 somnis
425 1167 455 1195 O.
475 1183 514 1188 —
531 1166 590 1204 21),
612 1167 633 1196 4
658 1170 786 1201 cautices
815 1169 846 1196 C.
867 1184 905 1188 —
923 1168 979 1203 4a,
1000 1167 1018 1196 2
1045 1170 1220 1206 dispositum
1238 1170 1295 1199 Bo.
1317 1184 1354 1188 —
1376 1169 1434 1203 612,
1459 1168 1475 1198 1

163 1205 247 1233 Clam
267 1208 297 1233 et
315 1205 472 1234 Elisabeth
493 1205 523 1234 G.
544 1221 581 1226 —
603 1204 655 1241 6b,
677 1203 696 1234 5
718 1207 808 1234 Paret
826 1206 860 1234 A.
877 1221 915 1225 —
932 1206 982 1241 7a,
1003 1204 1021 1235 3
1037 1208 1099 1235 Dat
1111 1205 1222 1244 Jeeeph
1244 1209 1376 1236 osculum
1393 1207 1423 1235 G.
1439 1222 1476 1227 -

162 1242 218 1277 910,
241 1242 260 1271 4
285 1244 394 1279 placite
414 1244 448 1271 A.
471 1259 506 1262 —
526 1245 595 1272 Mel.
620 1244 790 1279 jedenfalls:
818 1245 913 1272 Mittit
932 1245 970 1272 ad
988 1246 1142 1281 virginem.
1182 1247 1239 1274 Zur
1259 1246 1392 1280 Sequenz
1412 1246 1477 1282 fligi:

162 1281 188 1308 A
208 1281 255 1309 die
273 1281 402 1310 Rubrik:
424 1282 456 1310 Si
477 1284 522 1309 est
542 1285 624 1313 extra
645 1282 897 1319 Septuagesimam
918 1283 965 1310 vel
986 1283 1253 1320 Quadragesunam.

576 1354 643 1386 260.
683 1355 727 1386 De
747 1355 858 1386 sancta
878 1354 1070 1394 Katharjna.

165 1416 181 1447 1
194 1424 223 1448 a.
250 1414 335 1446 Nato
363 1415 465 1455 patris
491 1415 560 1447 sine
585 1418 698 1456 matre,
855 1415 913 1449 lb.
936 1415 996 1454 Qui
1019 1416 1185 1448 victricem
1208 1418 1241 1447 te
1265 1415 1392 1449 felicem

248 1462 332 1494 Nato
353 1462 469 1494 matris
494 1462 562 1494 sine
586 1465 680 1502 patre
935 1462 982 1495 Ut
1005 1463 1146 1503 reginam
1171 1463 1383 1496 Katharinam

296 1509 400 1541 Detur
423 1510 493 1542 laus
519 1513 551 1542 et
575 1510 687 1551 gloria,
984 1510 1156 1543 Coronavit
1179 1511 1292 1550 gloria.

165 1563 222 1594 2a.
251 1561 379 1593 Gaudet
402 1561 517 1593 chorus
541 1562 723 1594 coelestium
853 1562 910 1595 2b.
931 1562 1019 1602 Ergo
1046 1562 1158 1603 gaude,
1184 1562 1256 1594 Deo
1280 1562 1385 1604 digna,

250 1608 313 1640 Suo
337 1609 406 1648 regi
430 1609 635 1648 psallentium
935 1609 980 1641 Et
1002 1616 1061 1641 nos
1085 1612 1199 1651 tecum,
1227 1618 1245 1641 o
1270 1609 1417 1650 benigna,

294 1655 345 1687 De
366 1659 422 1688 tua
446 1656 597 1699 victoria3
983 1657 1022 1689 In
1047 1657 1094 1687 tui
1118 1657 1280 1691 memoria.

166 1710 223 1742 32.
249 1708 348 1747 Virgo
373 1708 437 1749 pia,
464 1708 611 1750 gloriosa,
854 1708 912 1742 3b.
938 1707 1003 1740 Sed
1022 1708 1194 1749 secundum
1210 1716 1335 1749 carnem
1349 1707 1478 1749 florens,

248 1754 311 1786 Per
336 1755 483 1794 spiritum
509 1754 630 1787 Christi
654 1763 772 1794 sponsa
936 1755 1044 1794 Stirpe
1067 1764 1188 1792 recens,
1217 1764 1312 1787 carne
1337 1756 1475 1799 decem,r

294 1801 351 1833 Et·
362 1800 474 1841 ipsius,
487 1800 565 1842 filia,
585 1800 593 1803 “
984 1801 1071 1834 Costi
1095 1802 1179 1842 regis
1204 1801 1280 1835 filia.

164 1855 223 1886 4a.
248 1853 301 1885 Tu*
320 1853 417 1884 unica
437 1853 625 1892 parentibus
853 1854 911 1887 4b.
933 1854 1119 1893 Praecipuis
1145 1848 1283 1886 exterius

249 1900 438 1940 Disciplinis
463 1900 662 1935 scholaribus
934 1901 1137 1941 DoctoribuS,
1163 1902 1296 1934 interius

295 1947 425 1981 Imbuta
449 1947 612 1987 divinitus,
646 1944 651 1947 “
980 1947 1073 1980 Dono
1099 1949 1201 1995 sancti
1225 1949 1368 1989 spiritus.

166 2004 222 2035 ba.
247 2000 352 2040 Hujus
379 1999 481 2031 dulcis
506 2002 539 2031 te
562 1997 709 2040 perfudit
853 2000 912 2034 5b.
933 2000 1016 2033 Nam
1042 1999 1148 2033 difusa
1171 2001 1204 2032 in
1222 2001 1343 2043 Γ1ε>ἱῐ>ἰὶειἸὼ

247 2048 293 2080 Et
316 2047 422 2079 suavis
447 2049 480 2088 te
505 2047 614 2079 docuit
933 2048 1042 2088 Larga
1066 2051 1251 2088 supervenit
1273 2049 1338 2081 tuis

294 2096 334 2128 In
358 2094 502 2127 omnibus
524 2095 645 2138 unctio,
981 2095 1062 2136 EjUs
1085 2095 1279 2130 benedictio.

165 2151 221 2183 Ga.
247 2148 301 2181 Ad
328 2150 488 2179 certamen
512 2147 662 2188 animata,
853 2147 911 2182 6b.
932 2148 1083 2180 Oratores
1107 2149 1276 2188 superasti,

247 2196 343 2237 Signo
370 2195 473 2227 crucis
498 2195 660 2238 roborata,
935 2194 1055 2227 Christi
1079 2198 1177 2228 testes
1201 2205 1260 2236 per
1284 2198 1317 2228 te
1340 2196 1421 2229 facti

293 2243 392 2284 Regis
417 2241 483 2275 fers
507 2243 662 2284 insignia3
982 2244 1153 2277 Possident
1178 2244 1337 2277 coelestia.

164 2300 218 2341 Za.
247 2296 438 2336 Candidata,
464 2298 642 2335 purpurata
853 2295 912 2328 7b.
931 2296 1093 2339 Speciosa,
1120 2304 1274 2336 generosa

245 2345 336 2380 Stola
358 2343 524 2384 legislator
547 2344 631 2385 regis
930 2343 1023 2376 Haec
1045 2344 1165 2385 regina,
1191 2344 1272 2377 haec
1295 2344 1443 2386 benigna,

292 2393 404 2427 Induit
426 2394 459 2423 te
482 2390 579 2425 filius,
982 2391 1078 2431 Cujus
1103 2391 1155 2424 hic
1180 2395 1229 2424 est
1251 2392 1348 2426 filius.

1245 2447 1305 2478 13*
