1653 2632
202 216 256 248 5a.

204 460 258 494 6a.

201 610 256 642 79..

199 807 256 840 8a.

198 1418 255 1453 la.

199 1573 256 1604 2a.

200 1725 253 1757 3a.

198 1877 256 1910 4a.

199 2074 254 2106 5a.

200 2224 254 2256 6a.

697 115 954 150 —246—

284 214 346 246 Per
369 214 453 246 huuc
477 212 557 245 fulta
855 210 912 243 5b.

281 261 364 293 Fide
387 261 487 293 multa

280 309 344 341 Zoe
370 308 472 340 credit

280 355 325 388 Et
346 356 421 387 hinc
439 355 525 387 redit

329 403 440 436 Dulcis
467 400 652 441 eloquentia,

285 459 374 491 Tunc
397 459 536 490 nudatur
559 457 649 489 miles
675 455 777 498 fortiS,
855 455 915 488 6b.

282 506 379 544 Quem
394 505 532 537 ministri
543 504 673 535 trahunt
685 503 796 535 mortis

327 553 381 584 Ad
408 552 478 584 dira
502 551 667 591 supplicia,

282 609 424 641 Tandem
447 610 532 640 reste
557 607 731 649 colligatus,
856 606 913 639 710.

280 656 384 687 Multa
409 656 506 687 caede
527 653 678 694 fatigatus

280 702 398 736 Crebro
424 710 546 742 quoque
569 700 737 742 fustigatus

326 749 534 782 Consecratur
557 749 671 781 hostia.

281 806 340 838 Vir
363 806 502 846 virtutis,
857 804 914 838 8b.

280 853 332 885 Da
355 853 466 885 salutis

279 902 346 933 Iter
370 903 482 940 tutum,

278 949 341 980 Per
365 949 518 980 virtutum

282 995 335 1027 Ire
359 1003 495 1035 gressus,

282 1042 333 1074 Da
355 1050 497 1074 recessus

330 1090 383 1121 Ad
409 1089 489 1121 coeli
512 1089 641 1129 palatia.

936 209 1029 241 Salus
1053 211 1152 248 patet,

935 256 1070 288 Morbus
1096 256 1184 299 latet,

935 303 1033 335 Fides
1062 303 1178 335 crescit

937 350 982 382 Et
1011 350 1167 382 decrescit

983 397 1119 430 Gentilis
1143 397 1289 439 perfidia.

939 455 1035 487 Illum
1057 455 1150 494 ¹iubet
1170 456 1323 497 sagittari,

936 502 1022 534 Telis
1052 511 1164 543 corpus
1189 503 1304 543 agitari

982 549 1123 589 Tyranni
1149 550 1314 583 dementia.

937 606 1007 638 Vim
1034 606 1088 638 dat
1104 606 1192 639 Deus
1216 608 1290 640 huic
1306 609 1478 650 ingentem,

937 654 1047 686 Pestes
1072 655 1170 695 fugat,
1196 658 1303 688 servat
1327 659 1461 697 gentem,

938 700 1059 741 Corpus
1081 702 1214 734 mundat
1230 705 1325 743 atque
1342 707 1480 736 mentem

985 747 1102 780 Reficit
1125 749 1258 783 laetitia.

937 805 983 837 Ut
1006 806 1047 837 ad
1074 805 1232 837 Christum

941 851 1071 884 Coetum
1093 853 1199 892 istum,

941 899 1032 930 Vitae
1057 898 1185 942 fontem,

937 947 1000 979 Per
1022 948 1055 978 te
1076 949 1205 986 pontem

937 994 1024 1026 Fusa
1047 1002 1153 1034 prece,

936 1041 1037 1072 Tersa
1062 1040 1151 1073 faece

985 1087 1102 1120 Christi
1127 1089 1213 1121 leves
1238 1090 1350 1129 gratia.

628 1147 659 1179 9.
684 1145 756 1177 Hoc
781 1146 835 1177 det
859 1145 1025 1185 sapientia,

687 1194 772 1233 Quae
797 1192 952 1233 gubernat
981 1192 1084 1232 entia;

688 1242 790 1272 Amen
817 1240 925 1271 dicant
949 1240 1062 1271 omnia.

279 1296 362 1323 Miss.
383 1305 434 1323 ms.
456 1293 484 1323 S.
505 1296 648 1332 Stephani
667 1295 857 1323 Divionensis
878 1303 952 1322 saec.
975 1294 1018 1322 15.
1042 1295 1110 1323 Cod.
1130 1296 1289 1324 Parisiens.
1311 1294 1375 1324 879.

582 1368 648 1400 335.
688 1368 730 1400 De
751 1368 858 1399 sancto
879 1367 1068 1399 Sebastiano.

280 1419 414 1451 Athleta
437 1419 650 1460 Sebastianus,
858 1418 915 1453 lb.

280 1467 400 1499 Accola
421 1467 633 1507 MediolanuS,

326 1515 385 1547 Vir
409 1514 698 1555 christianissimus,

284 1570 400 1603 Sedule
424 1571 476 1603 hic
499 1572 701 1610 ministravit,
857 1570 915 1604 2b.

281 1618 344 1650 Sub
372 1619 538 1658 chlamyde
561 1619 712 1650 animavit

326 1666 518 1698 Vacillantes
543 1670 710 1706 martyres.

280 1723 376 1755 Miles
401 1725 528 1755 sanctus
550 1723 757 1763 praedicavit,
858 1721 916 1755 3b.

282 1770 402 1802 Fauces
426 1771 489 1802 Zoe
513 1769 697 1803 reformavit

327 1818 505 1850 Assistente
530 1819 651 1859 angelo,

284 1874 490 1916 confringens
517 1876 682 1907 mathesim
856 1875 877 1907 4
885 1874 915 1907 b.

326 1925 417 1954 sanat
443 1922 666 1963 Chromatium,

279 1970 352 2001 Non
376 1970 489 2001 timens
513 1970 669 2002 clibanum

324 2017 422 2048 vertit
445 2017 633 2051 Tiburtium.

281 2073 401 2105 Stolam
426 2075 550 2114 quaerit
578 2083 796 2115 supernorum,
856 2074 916 2107 512.

280 2121 395 2152 Aulam
415 2121 531 2161 linquit
559 2121 796 2162 imperatorum,

328 2168 457 2200 Balistis
483 2168 653 2209 subigitur3

282 2224 341 2262 Qui
364 2224 413 2256 his
439 2225 556 2256 aculeis
856 2224 914 2260 6b.

282 2270 436 2302 Subvenis
460 2272 563 2312 Italis,

280 2317 345 2349 Piis
370 2318 526 2359 suffragiis

281 2364 378 2396 Adsis
403 2366 591 2405 vernaculis,

327 2411 453 2451 Martyr
478 2413 611 2452 egregie.

937 1419 1046 1451 Justus
1068 1418 1178 1463 judex,
1205 1421 1313 1452 consul
1337 1430 1466 1461 gnarus,

937 1466 1021 1498 Fide
1044 1475 1151 1507 verax,
1176 1470 1212 1499 ut
1235 1468 1284 1500 sol
1306 1469 1410 1500 clarus

984 1514 1161 1546 Honestate
1183 1515 1334 1548 moribus.

936 1570 987 1602 Ne
1008 1573 1158 1611 paternos
1181 1580 1273 1603 canos
1300 1575 1440 1613 cernant,

937 1617 983 1650 Ut
991 1621 1151 1651 maternas
1156 1628 1309 1651 mammas
1316 1622 1479 1661 spernant,

985 1665 1192 1698 Blandientes
1218 1667 1377 1707 conjuges,

941 1722 1156 1755 Nicostratum
1183 1722 1248 1755 fide
1272 1725 1397 1764 stravit,

938 1769 1156 1810 Tarquilinum
1181 1771 1357 1811 baptizavit

987 1818 1177 1850 Admirante
1200 1819 1328 1859 populo.

937 1874 998 1907 His
1023 1876 1237 1908 millenarium

983 1924 1284 1956 tetracentenarium

939 1970 1050 2011 Jungit
1072 1971 1257 2003 miraculum

986 2018 1146 2051 Christum
1173 2019 1378 2051 credentium.

942 2074 1062 2107 Stolam
1086 2076 1180 2115 pellit
1200 2078 1413 2119 terrenorum,

937 2123 1043 2154 Instar
1066 2123 1161 2163 pellis
1182 2124 1373 2156 hericiorum

986 2169 1116 2210 Sagittis
1141 2170 1348 2212 transfigitur.

937 2226 1065 2259 Praesis
1091 2227 1260 2268 obsequiis,

939 2274 1047 2305 Prosis
1073 2276 1233 2316 remediiS,

938 2321 1030 2353 Obsis
1054 2322 1191 2363 insidiis,

939 2367 990 2399 Ne
1014 2368 1063 2399 his
1089 2370 1132 2400 sit
1158 2368 1286 2401 famulis

984 2415 1075 2447 Mors
1101 2417 1288 2455 epidemiae.
