1653 2632
732 121 970 157 —21-

194 211 253 244 Sa.
279 211 367 252 Ergo
392 216 504 253 pastor
528 216 713 258 animarum,

276 258 366 292 Bone
390 260 477 302 Jesu,
505 266 538 294 et
561 272 670 296 earum

320 308 445 341 Lumen
469 310 667 353 indeficiens,

193 363 249 397 9a.
280 364 304 397 Ο
330 364 523 400 reformator
549 371 732 401 cunctarum

273 411 446 445 Nationum
470 415 688 457 humanarum,

319 460 395 493 Vita
418 465 552 494 mortem
577 462 735 505 auferens,

880 219 939 253 8b.
963 221 1099 260 Propter
1123 230 1237 253 nomen
1260 224 1347 254 tuum
1375 232 1481 255 carum

962 267 1112 299 Taetrum
1138 269 1232 301 chaos
1256 270 1459 303 tenebrarum

1008 315 1146 347 Obstrue
1169 325 1226 348 nos
1249 318 1404 352 muniens

880 371 937 404 910.
959 371 1168 404 Restaurator
1191 373 1363 415 ruinarum,

959 419 1120 451 Virtutum
1145 421 1359 460 angelicarum

1006 467 1156 507 Teipsum
1177 468 1220 499 sis
1244 469 1393 509 largiens.

265 534 352 563 Grad.
373 546 426 565 ms.
446 538 653 574 Margarethae
668 538 823 568 Scheiffart
842 541 878 569 de
889 542 1009 570 Merode
1029 551 1104 571 saec.
1127 543 1170 571 15.
1194 543 1264 572 Cod.
1281 545 1398 574 Musaei
1416 547 1500 574 Hun-

189 573 283 607 gariei
302 571 368 602 259.
388 576 423 603 A.
436 590 476 595 —
488 576 576 604 Grad.
596 586 649 604 ms.
665 577 813 606 Carmelit.
835 587 910 607 saec.
931 578 1005 608 1ῑῖιισ.
1022 580 1245 609 Ood Maza1-in.
1267 581 1332 611 465.
1353 582 1439 619 (1388
1454 585 1495 620 C).

187 609 222 637 B.
244 625 280 629 —
300 611 369 640 Mel.
391 625 429 635 =
447 614 564 641 Laudes
585 616 688 643 erueis.
706 630 745 634 -—
759 614 806 651 la,
830 616 844 644 1
865 626 934 645 vere
955 619 1143 647 sublimatum
1162 620 1196 647 Β.
1212 635 1246 639 -
1261 619 1311 655 61),
1336 620 1349 649 1
1372 623 1499 650 Multum

186 647 245 675 Dei
264 649 297 676 B.

585 761 624 793 16.
664 761 707 794 De
729 762 1019 804 {transfiguratione
1041 765 1098 798 DN.

187 838 242 871 la.
268 839 375 871 Adest
400 841 468 872 dies
494 842 640 882 celebris,

267 887 333 926 Quo
357 887 413 919 lux
437 889 519 920 luxit
544 889 684 921 tenebris

315 934 459 967 Christus
483 936 518 968 in
539 938 730 977 monticu103

183 991 240 1023 2a.
265 991 330 1022 Hic
355 995 404 1023 est
427 993 533 1025 lumen
557 994 695 1037 luminis,

263 1038 368 1070 Menti
388 1041 498 1072 lucens
522 1041 658 1073 hominis

312 1087 402 1118 Intus
432 1096 489 1119 sua
512 1089 624 1128 gratia,

182 1143 236 1174 3a.
264 1142 288 1175 O
314 1143 369 1174 lux
395 1145 607 1185 serenissima,

263 1189 399 1230 Christe,
426 1192 511 1223 salus
537 1193 666 1232 optima,

309 1237 436 1270 Nostris
464 1237 551 1279 fulge
575 1239 730 1279 sensibus,

176 1294 233 1326 4a.
259 1293 306 1325 Te
326 1297 496 1334 praesente
519 1296 662 1338 stabiles,

257 1341 304 1373 Te
329 1341 460 1375 absente
486 1343 607 1375 debiles

305 1388 418 1421 Sumus
444 1393 477 1422 et
497 1391 528 1422 in
555 1391 717 1432 omnibus;

174 1446 229 1478 5a.
256 1446 304 1479 Ut,
326 1449 401 1486 post
423 1447 507 1479 hanc
530 1448 688 1480 miseriam

254 1493 361 1526 Dueas
384 1503 442 1526 nos
465 1495 507 1527 ad
532 1496 670 1535 patriam

300 1541 486 1574 Mansuram
511 1545 706 1585 perenniter,

869 996 927 1029 2b.

862 1298 922 1331 4b.

861 1450 918 1485 5b.

922 871 928 877 .
952 846 1091 887 Thabor,
1116 847 1259 880 Hermon
1283 850 1430 893 gaudeat,

951 893 1121 926 Dominum
1147 896 1302 935 suscipiat

997 942 1103 973 Verae
1126 944 1216 982 pacis
1240 944 1356 977 osculo.

950 998 989 1030 In
1014 1007 1076 1038 qua
1099 999 1186 1031 istud
1211 1000 1326 1041 radiat,

949 1044 1112 1077 Tenebras
1136 1055 1225 1078 mens
1250 1048 1371 1080 neseiat

997 1091 1118 1125 Cuncta
1139 1094 1264 1133 pellens
1289 1095 1376 1128 vitia.

916 1174 922 1180 .
945 1148 1105 1189 Quidquid
1132 1152 1236 1182 exstat
1259 1151 1436 1193 horridum,

945 1195 1048 1227 Menti
1072 1199 1201 1228 nostrae
1224 1198 1352 1230 noxium

992 1243 1119 1275 Nostris
1144 1244 1236 1277 aufer
1259 1247 1419 1281 cordibus

944 1299 1032 1340 Ergo
1057 1310 1183 1333 manum
1208 1304 1347 1344 porrige,

942 1347 1033 1379 Mala
1056 1351 1167 1381 nostra
1192 1350 1315 1391 corrige

990 1395 1160 1428 Illustrans
1189 1398 1370 1431 virtutibus.

942 1452 980 1484 In
1006 1461 1068 1491 qua
1090 1453 1149 1484 tibi
1172 1453 1248 1495 filio,

941 1499 1094 1539 Patrique
1116 1502 1273 1540 paraclito

988 1546 1201 1580 Decantemus
1224 1550 1353 1590 jugiter.

245 1616 328 1644 Miss.
351 1615 544 1646 Craeoviense
563 1620 631 1655 imp.
646 1619 873 1657 Nur-embergae.
895 1619 978 1649 1492.
1011 1623 1080 1650 Mel.
1097 1623 1269 1658 jedenfalls:
1290 1626 1367 1654 Veni
1383 1630 1485 1656 sancte

170 1655 301 1689 spiritus.

566 1768 607 1800 17.
646 1769 690 1800 De
710 1770 1001 1811 [transfiguratione
1019 1772 1075 1804 DN.

169 1847 224 1878 la.
252 1846 276 1878 Ο
302 1846 399 1879 beata
423 1847 501 1879 orbe
525 1850 594 1880 toto

299 1895 493 1927 Veneranda
516 1895 654 1937 trinitaS,

248 1941 272 1974 Ο
299 1940 378 1974 felix
403 1943 501 1975 eorde
523 1943 637 1976 devoto

295 1990 473 2023 Adoranda
502 1991 616 2025 unita-S.

164 2047 221 2079 2a.
248 2046 340 2079 Haeo
365 2048 447 2080 enim
473 2049 651 2081 divinitatis

294 2094 424 2128 Summa
448 2099 498 2128 est
520 2096 669 2142 felicitas,

244 2144 281 2176 In
307 2144 458 2184 amplexu
484 2145 626 2178 caritatis

291 2191 382 2231 Quod
406 2195 473 2224 tres
497 2193 567 2224 unit
588 2194 703 2226 unitas.

857 1852 912 1885 lb.
934 1852 1066 1884 Trinum
1091 1853 1125 1885 in
1149 1856 1295 1894 personis
1319 1856 1432 1901 Deum,

983 1900 1090 1933 Unum
1118 1901 1152 1933 in
1176 1902 1364 1944 substantia,

934 1948 1075 1989 Patrem,
1102 1949 1244 1990 verbum,
1271 1952 1429 1994 spiritum,

984 1995 1106 2037 Gaude,
1133 1999 1234 2030 omnis
1260 1999 1374 2033 anima.

851 2051 910 2086 ab.
934 2052 1033 2085 Amat
1057 2056 1159 2094 pater,
1186 2059 1272 2087 amat
1294 2060 1397 2095 natus,

979 2101 1078 2133 Amat
1101 2106 1229 2135 sanetus
1254 2104 1395 2146 spiritus,

930 2148 1000 2180 Nec
1017 2149 1120 2182 minor
1144 2160 1234 2183 amor
1258 2153 1371 2185 amatis

978 2196 1049 2229 Nee
1067 2198 1147 2237 ipsis
1172 2200 1363 2235 amantibus,

160 2248 215 2281 3a.
242 2249 326 2290 Quid
336 2252 402 2284 tam
413 2250 516 2291 dulce,
529 2251 785 2293 tamjuoundum,
847 2253 906 2287 3b.
929 2254 1038 2287 Omnis
1061 2256 1166 2296 gaude
1191 2260 1346 2299 ereatura,

289 2298 377 2338 Quae
400 2301 490 2331 tanta
517 2298 654 2339 devotio,

239 2346 338 2386 Quam
364 2347 500 2379 amantis
527 2349 559 2378 et
583 2348 680 2380 amati

285 2394 331 2427 Et
354 2395 471 2428 amoris
496 2395 581 2429 unio.

977 2302 1068 2335 Haeo
1092 2304 1188 2336 trium
1215 2305 1342 2339 dilectio

928 2351 975 2383 Te
1001 2352 1130 2392 creavit,
1157 2355 1316 2387 recreavit

975 2398 1060 2432 Dato
1084 2399 1147 2432 Dei
1171 2400 1247 2435 filio.
