1653 2632
719 132 958 167 -51—

175 219 234 254 2a.
260 219 378 252 Mundi
399 222 506 264 jubar,
533 225 629 256 stella
651 228 758 268 maris,
865 230 922 264 2b.
945 231 1042 272 Virgo
1068 233 1198 273 gignens
1223 236 1408 277 genitorem,

260 266 333 299 Lux
358 269 564 311 praefulgens
587 273 757 314 singularis
945 278 1038 310 Luna
1052 281 1170 313 mundo
1188 282 1266 314 dans
1283 284 1488 323 splendorem

308 316 388 348 Jure
412 318 589 359 privilegii3
991 326 1043 358 De
1067 328 1238 367 splendore
1261 328 1330 363 filii.

175 371 233 405 aa,
260 371 341 412 Spes
366 373 495 406 humani
519 377 654 417 generis,
863 381 920 415 3b.
941 383 1029 415 Arca
1052 384 1126 415 novi
1151 384 1300 426 foederis,

303 419 489 454 Sanctitatis
516 425 689 465 speculum,
989 430 1101 462 Novae
1124 433 1214 471 pacis
1239 434 1409 468 vinculum.

172 476 229 507 4a.
257 476 321 509 Per
344 481 387 518 te,
414 479 512 520 virgo,
539 479 732 514 reformatur
860 484 918 518 4b.
941 487 1004 518 Per
1027 490 1061 518 te
1084 489 1201 521 mundo
1225 490 1311 522 salus
1336 491 1431 523 datur

304 524 366 556 Dei
389 535 454 565 pax
479 530 512 558 et
534 527 705 568 hominum,
990 534 1033 565 Et
1056 536 1181 568 medela
1207 537 1379 569 criminum.

172 580 228 611 5a.
256 580 320 612 Per
344 584 377 613 te
403 583 489 614 cedit
513 583 614 616 hostis
637 585 751 627 victas,
860 588 917 621 5b.
941 590 1037 623 Cadit
1065 596 1231 625 accusator
1254 592 1389 626 fratrum

256 628 328 660 Coit
350 629 465 661 vulnus
491 633 524 662 et
546 630 686 664 inflictus
939 637 985 669 Et
1006 638 1041 669 in
1066 639 1168 671 lacum
1193 641 1307 673 missus
1333 644 1436 674 atrum

303 675 387 707 Olim
414 677 505 709 dolor
530 679 671 720 exsulat3
986 684 1091 718 Draco
1116 696 1247 727 magnus
1273 689 1381 728 erlat.

171 731 227 763 6a.
255 730 353 772 Virgo
375 735 489 775 mater,
515 738 617 768 mater
640 736 712 776 Dei,
857 739 915 773 6b.
938 741 985 773 Te
1008 742 1185 784 laudamus,
1213 745 1354 785 quamvis
1379 747 1436 789 rei,

299 779 408 812 Mater
431 781 596 825 unigeniti,
985 789 1048 822 Per
1072 793 1105 821 te
1128 791 1196 823 Deo
1220 793 1327 832 geniti.

169 834 224 867 7a.
251 835 317 867 Ora
339 839 476 878 patrem,
502 848 559 871 ora
581 843 700 882 natum,
857 844 914 878 7b.
936 844 982 877 Ut
1005 849 1079 885 post
1102 856 1180 879 onus
1205 849 1367 881 servitutis

250 882 404 916 Nostrum
428 886 522 918 tollat
546 889 581 918 ut
605 891 727 919 reatum
937 891 1111 925 Libertatis
1136 903 1175 926 ac
1198 896 1310 927 salutis

297 931 342 962 Et
365 932 537 965 clementer
563 934 677 977 deleat,
982 940 1081 972 Porta
1104 942 1195 973 nobis
1220 946 1338 982 pateat.

240 995 324 1024 Miss.
345 996 366 1024 S
395 998 536 1033 Dionysii
556 1007 631 1027 saec.
654 999 698 1027 14.
724 1000 792 1028 Cod.
812 1002 971 1030 Parisitms.
993 1001 1076 1032 1107.
1115 1006 1174 1033 Mit
1191 1007 1260 1034 Mel.

582 1090 628 1121 75.
669 1092 711 1122 De
732 1093 947 1133 Assumptione
966 1094 1055 1125 BMV.

621 1147 741 1184 (Qumta
762 1150 811 1179 die
828 1149 1022 1188 Oetararum.)

165 1214 221 1246 la.
250 1213 410 1255 Vergente
433 1216 544 1248 mundi
567 1226 700 1257 vespere
851 1220 908 1252 lb.
932 1221 1068 1254 Inducto
1094 1223 1198 1254 carnis
1224 1233 1320 1256 onere

247 1261 366 1293 Sereno
392 1261 480 1294 fusus
506 1264 612 1295 sidere
932 1267 1029 1300 Sacro
1057 1269 1217 1309 dependes
1243 1271 1350 1314 ubere,

294 1308 381 1341 Coeli
405 1311 553 1349 procedit
578 1311 698 1352 radius,
977 1316 1083 1348 Patris
1107 1318 1230 1349 aeterni
1253 1317 1348 1351 filius.

163 1365 220 1396 2a.
247 1365 285 1396 In
313 1365 472 1398 Gedeonis
499 1367 619 1399 vellere
848 1370 906 1404 2b.
930 1372 1027 1411 Cujus
1052 1376 1163 1412 aperto
1188 1374 1290 1406 latere

241 1412 286 1444 Et
308 1412 342 1444 in
367 1413 439 1445 rubi
466 1417 628 1446 caractere
930 1419 1023 1451 Cedit
1047 1421 1192 1452 velamen
1217 1421 1331 1454 literae

289 1460 554 1502 Praesignaturus
580 1463 730 1506 cernitur,
976 1467 1021 1498 Et
1044 1467 1097 1499 lex
1121 1471 1213 1500 vetus
1239 1469 1416 1509 exponitur.

159 1517 215 1550 3a.
242 1516 450 1551 Sacramenta
473 1528 576 1552 novae
598 1520 678 1560 legis
845 1522 902 1557 3b.
927 1524 1094 1555 Planctum
1121 1525 1214 1557 docet
1238 1527 1398 1559 Jeremiae

238 1564 277 1596 In
300 1574 452 1605 pressura
479 1566 599 1599 Christi
622 1567 706 1607 regis
926 1570 971 1602 Et
994 1571 1163 1612 languores
1188 1574 1295 1605 Isaiae

286 1612 332 1644 Et
354 1613 387 1645 in
412 1614 516 1645 crucis
540 1614 680 1647 ludibrio
972 1619 1070 1660 Regis
1095 1620 1153 1651 alti
1178 1621 1361 1660 suspendio.

155 1670 214 1702 421.
241 1669 350 1710 Virgo,
377 1671 466 1705 sidus
490 1671 660 1714 singulare,
843 1674 903 1707 4b.
924 1675 978 1707 Illi
1003 1675 1090 1708 refer
1113 1677 1208 1718 latus,
1233 1678 1314 1719 lora,

238 1717 347 1758 Virgo,
373 1718 484 1750 mundi
508 1719 675 1758 luminare,
927 1722 1053 1763 Spinas,
1080 1724 1186 1756 clavos
1212 1728 1242 1756 et
1267 1734 1384 1765 perora

287 1764 406 1797 Christi
430 1765 563 1805 profusa
587 1767 731 1809 genibus,
973 1771 1050 1803 Istis
1074 1771 1348 1806 intercessoribus,

228 1829 312 1857 Miss.
334 1838 387 1857 ms.
410 1830 580 1858 Parisiense
596 1839 671 1859 saec.
695 1831 739 1860 14.
761 1833 833 1861 Cod.
854 1835 1013 1862 Parisiens.
1034 1833 1100 1864 830.

509 1923 555 1954 76.
594 1923 630 1955 In
652 1923 770 1956 Octava
784 1925 1010 1966 Assumptionis
1029 1927 1117 1958 BMV.

153 1992 208 2025 la.
236 1992 345 2025 Omnis
372 1992 453 2024 coeli
477 1993 659 2026 hierarchia
841 1996 896 2029 lb.
921 1996 987 2030 Ubi
1012 1998 1135 2040 crescit,
1164 1999 1239 2030 dum
1262 1999 1369 2032 Maria

231 2039 326 2072 Felix
350 2040 384 2072 in
406 2041 602 2081 theophania
921 2044 995 2076 Illic
1019 2046 1146 2078 scandit
1171 2055 1210 2078 ex
1234 2047 1294 2078 hac
1318 2048 1381 2088 via,

282 2087 411 2120 Gaudet
435 2088 475 2120 ab
499 2089 602 2131 initio,
967 2093 1172 2126 Jucundandi
1199 2094 1291 2127 ratio.

146 2146 205 2179 2a.
230 2145 369 2178 Elevata
395 2148 444 2177 est
467 2146 507 2178 ab
532 2146 604 2178 imis
838 2148 897 2182 2b.
921 2150 1017 2189 Cujus
1043 2150 1123 2182 odor
1147 2149 1271 2192 fragrat
1294 2152 1400 2193 nimis,

229 2194 319 2226 Arca
343 2193 414 2226 Noe
438 2197 470 2225 et
494 2194 638 2226 sublimis
920 2197 1011 2230 Haec
1033 2206 1093 2237 pro
1117 2198 1239 2230 meritis
1262 2200 1376 2239 opimis

273 2241 403 2274 Montes
427 2242 680 2285 supergreditur,
966 2245 1122 2278 Praemiis
1147 2245 1323 2286 perficitur.

144 2300 201 2335 3a.
226 2297 375 2332 Affluens
402 2299 526 2331 deliciis
835 2301 893 2336 3b.
913 2302 1000 2342 Quae
1024 2303 1141 2335 amicta
1164 2304 1262 2335 variis

226 2347 377 2381 Collectis
401 2347 523 2380 divitiis
917 2350 1011 2383 Canit
1034 2351 1267 2392 tympanistriis

273 2396 408 2429 Scandit
433 2396 474 2428 de
500 2396 637 2438 deserto,
964 2398 1092 2431 Dilecto
1117 2403 1257 2440 reperto.
