1653 2632
715 119 948 154 —25—

181 210 250 237 simi
281 210 425 248 principis
457 211 556 241 Caroli
581 214 717 249 secundi,
747 215 828 243 ducis
856 215 1021 244 Sabaudiae
1048 219 1131 251 noni,
1160 218 1355 246 confessorem
1376 219 1494 246 editum.

182 248 256 284 Imp.
279 248 428 278 Gebennis
449 259 471 278 s.
492 259 519 279 a.
541 264 580 270 -—
598 252 668 280 Mel.
684 252 853 287 jedenfalls:
873 254 909 282 In
929 255 1050 282 coelesti
1069 256 1241 283 hierarchia.

652 363 699 394 23.
739 363 783 395 De
803 365 912 396 sancta
933 364 1036 397 Cruce.

181 440 237 472 1a.
264 439 361 473 Salve
384 441 505 482 lignum
528 451 607 474 crux
630 443 738 483 vitale,

264 487 359 520 Salve
383 489 510 531 signum
534 490 736 531 triumphale,

262 536 353 568 Inter
377 536 465 576 ligna
488 537 610 568 nullum
634 538 700 569 tale

310 582 451 624 Fronde,
477 582 565 624 flore,
592 585 743 624 germine.

179 640 236 673 Za.
264 639 375 672 Crucis
400 639 524 681 signum
549 641 699 680 salutare,

263 686 348 718 Gens
374 687 527 727 redemta,
554 696 710 720 venerare

868 444 924 478 lb.
947 445 1032 478 Crux
1056 446 1207 477 vexillum
1232 447 1346 478 summi
1372 447 1471 486 ducis,

947 493 1062 525 Pacem
1087 496 1229 534 portans,
1255 496 1349 533 porta
1373 494 1461 532 lucis,

948 540 1033 572 Vera
1057 541 1143 572 salus
1166 543 1214 572 est
1237 541 1270 572 in
1297 542 1399 573 crucis

996 588 1163 629 Signorum
1186 588 1367 622 munimine.

917 671 923 676 .
947 643 1044 683 Signa
1068 643 1205 676 frontem
1231 648 1263 676 et
1287 654 1342 677 cor
1365 646 1464 686 signa,

947 690 1028 722 Sunt
1051 691 1131 723 haec
1156 692 1257 723 crucis
1276 693 1366 732 signa
1384 694 1487 734 digna,

260 733 304 766 Et
327 734 362 765 in
388 743 481 766 cruce
505 735 654 775 gloriare,
947 738 1011 770 Per
1035 748 1130 778 quam
1156 740 1243 772 cedit,
1267 749 1318 772 ars
1342 741 1481 781 maligna

309 782 412 815 Cruce
436 781 523 814 facta
547 782 658 815 libera.
992 785 1036 817 Et
1060 789 1202 826 potestas
1225 786 1340 820 infera.

176 839 234 871 3a.
262 839 472 872 Consecrator
498 840 611 880 crucis,
638 840 724 880 audi,
864 842 921 875 31).
945 843 1028 882 Quos
1051 843 1180 874 seduxit
1202 843 1273 876 Eva
1297 845 1390 884 malo,

259 886 374 918 Servos
399 887 502 918 crucis
527 896 585 919 nos
610 888 726 920 exaudi
944 892 975 921 A
1000 890 1129 929 periclis
1155 895 1187 923 et
1211 900 1230 922 a
1253 892 1337 923 malo

256 933 445 966 Insistentes
471 937 546 966 tuae
569 935 659 967 laudi
945 937 1012 969 Nos
1037 940 1127 969 tuere
1150 938 1183 969 in
1209 938 1269 970 hoc
1293 939 1360 971 salo

308 982 419 1015 Crucis
444 980 608 1016 beneficio.
993 984 1102 1017 Crucis
1128 984 1291 1019 beneficio„

251 1055 338 1084 Grad.
365 1065 418 1084 ms.
444 1056 473 1084 S.
500 1056 635 1093 Agathae
661 1066 684 1085 s.
710 1059 784 1095 sign.
810 1061 880 1086 anni
901 1057 984 1087 1512.
1005 1076 1042 1079 —
1061 1060 1142 1087 Me1.:
1163 1060 1292 1087 Verbum
1311 1061 1428 1089 bonum.
1450 1076 1486 1080 ——

174 1092 226 1128 lb,
247 1092 266 1122 3
286 1103 317 1121 es
338 1096 378 1121 in.
398 1110 437 1114 —
457 1093 508 1130 2b,
529 1096 548 1122 4
567 1099 688 1130 peccata
706 1094 798 1132 (poca)
816 1097 917 1131 infera,
937 1097 1016 1124 wohl
1035 1098 1249 1125 verschrieben.

632 1221 681 1252 24.
721 1222 765 1253 De
784 1222 893 1253 sancta
915 1221 1018 1253 cruce.

429 1298 468 1335 (A
487 1297 633 1328 Trinitate
654 1307 749 1336 usque
769 1298 807 1328 ad
826 1298 993 1328 Adventum
1012 1298 1094 1329 feriis
1114 1300 1226 1336 sextis.)

627 1378 657 1410 1.
683 1378 755 1409 Ave
781 1386 858 1409 crux
882 1377 977 1417 alma,

684 1425 794 1457 Arbor
818 1425 964 1457 amanda.

168 1482 223 1512 2a.
251 1481 314 1513 Per
338 1482 466 1513 saecula
491 1481 693 1521 celebranda,
856 1481 914 1515 2b.
936 1480 1152 1525 Praefulgida,
1176 1484 1368 1522 veneranda,

251 1527 393 1568 Captivis
420 1529 522 1561 dulcis
547 1529 698 1569 optanda.
936 1530 1101 1562 Redemtis
1126 1539 1252 1570 semper
1278 1531 1420 1565 colenda.

167 1586 223 1619 3a.
251 1585 338 1624 Quae
362 1585 452 1618 fuisti
478 1587 664 1627 dignissima
854 1587 913 1620 3b.
936 1588 998 1620 Per
1020 1596 1114 1627 quam
1139 1588 1226 1619 venit
1252 1589 1428 1621 certissima

248 1633 365 1665 Dulcia
381 1638 508 1674 gestare
520 1634 640 1667 Christi
652 1634 795 1666 membra
934 1634 1107 1666 Hominum
1121 1635 1265 1676 libertas,
1291 1636 1387 1678 salus,
1414 1637 1482 1669 vita

247 1681 300 1713 Ex
324 1681 448 1722 virgine
474 1682 652 1715 castissima
934 1682 1124 1723 Redemptio
1149 1683 1339 1723 gratissima,

247 1728 356 1761 Matre
379 1732 515 1770 sumpta.
933 1731 1019 1762 Vere
1042 1729 1197 1770 perfecta.

165 1787 223 1820 4a.
251 1786 276 1819 Ο
301 1786 489 1826 Margareta
851 1787 910 1820 4b.
934 1787 1065 1819 Solvisti
1088 1788 1196 1819 vincla

250 1832 404 1865 Coelestis
428 1834 537 1866 lucida
934 1834 1087 1875 Captivis,
1113 1835 1242 1874 perdita

249 1882 299 1913 Ac
321 1881 474 1922 pretiosa,
933 1883 997 1914 Per
1021 1885 1054 1913 te
1077 1885 1151 1923 sunt
1175 1883 1273 1916 salva.

165 1938 220 1971 5a.
246 1937 337 1970 Mors
363 1941 412 1970 est
435 1941 569 1979 mortua,
851 1938 908 1971 5b.
933 1939 1021 1972 Coeli
1045 1941 1162 1979 gaudia

247 1985 326 2018 Sunt
351 1988 476 2018 tartara
500 1995 616 2027 morsa,
932 1987 1097 2019 Reserasti
1122 1987 1230 2019 clausa

247 2034 326 2068 Cum
351 2036 384 2065 te
408 2043 524 2068 carnea
931 2035 976 2067 Et
1002 2035 1138 2067 virentia

245 2082 424 2115 ornaverat
447 2080 551 2114 forma
930 2081 1080 2116 Paradisi
1103 2086 1197 2123 prata

245 2129 359 2162 Gratia
385 2130 552 2164 dominica.
929 2131 1091 2163 Redidisti
1115 2132 1228 2171 pervia

160 2190 216 2222 6a.
243 2187 369 2220 Natura
394 2197 411 2219 o
437 2188 515 2228 ligni
539 2187 630 2228 mira,
849 2188 906 2221 6b.
929 2188 973 2221 Et
997 2189 1166 2229 tyrannica

242 2236 306 2269 Per
331 2236 417 2276 quod
441 2235 578 2269 victoria
601 2238 650 2268 est
674 2236 758 2268 victa
928 2235 1077 2269 Potestas
1101 2237 1228 2277 penitus
1255 2237 1427 2272 destructa.

159 2295 213 2327 7a.
241 2294 350 2326 Radix
375 2293 569 2333 dulcissima,
848 2295 866 2327 7
874 2294 905 2328 b.
928 2294 1063 2327 Nosmet
1086 2304 1105 2326 a
1127 2294 1221 2327 ruina

240 2343 307 2375 Fer
334 2341 415 2374 coeli
439 2341 567 2383 gaudia,
928 2343 1075 2383 Protege,
1101 2342 1205 2375 libera

928 2390 1093 2423 Momenta
1113 2399 1174 2431 per
1200 2391 1315 2425 omnia.
