1653 2632
681 94 939 129 —136—

177 187 234 219 4a.
262 186 361 225 Quem
384 187 491 219 zelans
517 187 673 220 Sisinnius
863 190 923 224 4b.
945 190 1077 231 Sul-due,
1110 198 1232 231 caecus,
1258 191 1377 225 inscius

259 232 304 264 Et
326 242 456 265 uxorem
481 234 593 266 anxius
946 237 1070 268 Aedem
1095 237 1179 277 girat
1203 238 1300 278 ocius,

307 281 467 320 Quaerens
491 282 526 314 in
551 283 686 314 ecclesia
992 284 1117 316 Furens
1142 284 1176 315 in
1200 285 1349 325 amentia,

307 328 487 368 Torquetur
509 329 644 363 insania.
992 331 1079 370 Quae
1103 333 1210 363 vastat
1232 332 1432 371 praecordia.

178 384 233 416 5a.
260 383 351 416 Uxor
371 385 487 426 plorat,
512 385 656 418 Clemens
682 389 761 427 orat,
864 386 922 421 5b.
943 387 1028 419 Dum
1052 387 1189 426 palescit
1212 390 1245 419 et
1268 388 1413 428 tabescit,

262 431 322 463 Vir
345 430 497 471 profanus
523 435 556 464 et
578 433 708 465 insanus
946 433 1031 466 Saxa
1055 434 1155 467 volvit
1180 436 1213 466 et
1237 435 1372 467 revolvit

308 479 443 510 Tractus
467 479 506 511 ab
534 480 669 512 ecelesia
994 482 1165 514 Servorum
1189 482 1336 515 stultitia.

177 535 234 567 6a.
262 534 406 567 Clemens
431 535 539 567 adstat
562 538 594 567 et
616 541 778 577 precatur,
862 537 920 571 6b.
942 538 1045 570 Error
1067 538 1163 579 cedit,
1190 537 1269 571 fides
1296 539 1399 580 datur,

260 580 405 614 Infidelis
429 582 623 626 indignatur,
943 585 1131 626 Baptizatus
1157 587 1347 619 emundatur

305 628 444 661 Luditur
466 630 610 671 saevitia,
989 633 1040 665 Ab
1067 633 1152 665 omni
1176 634 1340 674 spurcitia.

173 685 228 716 7a.
255 684 351 716 Plebs
375 685 408 716 in
434 686 523 717 litem
547 688 711 728 excitatur,
862 689 920 723 7b.
943 690 1091 730 Relegati
1114 692 1326 732 gratulantur,

254 732 343 771 Papa
366 731 510 765 Clemens
536 735 708 775 exsulatur,
941 738 1033 777 Quod
1055 747 1075 770 a
1098 741 1192 778 patre
1216 739 1397 782 visitantur,

302 779 387 811 Dum
412 783 567 819 parantur
590 783 728 823 navigia,
988 784 1179 817 Sublevatur
1198 786 1308 826 inopia

303 826 359 858 Fit
383 827 486 859 luctus
511 829 545 860 in
571 830 715 862 ecclesia.
989 831 1101 864 Fontis
1125 833 1244 873 adepta
1268 835 1371 874 copia.

170 884 230 916 8a.
257 882 340 915 Nam
366 884 528 916 Clemente
551 890 745 925 procurante
859 888 919 922 8b.
942 888 996 921 Sic
1021 889 1190 921 daemones
1217 889 1403 932 effugantur,

251 930 355 962 Adest
372 940 481 972 agnus,
501 941 561 972 quo
579 937 777 967 monstrante
940 936 1075 976 Templa
1096 936 1223 970 Christo
1248 937 1462 980 conferantur,

300 977 519 1018 Lympharum
544 979 709 1014 affluentia
987 983 1086 1015 Dolet
1109 984 1209 1016 hostis
1234 984 1373 1024 perfidia

300 1025 420 1057 Locum
445 1027 549 1066 replet
572 1029 703 1063 laetitia.
988 1031 1161 1063 Clementis
1187 1032 1228 1064 ad
1254 1034 1436 1072 praeconia.

169 1082 225 1113 9a.
254 1081 323 1114 Lex
346 1081 487 1115 infausta
510 1086 740 1127 promulgatur,
857 1087 915 1120 9b.
937 1088 1035 1127 Cujus
1059 1097 1155 1120 manu
1179 1092 1391 1129 praeparatur

251 1128 297 1161 Ut
321 1129 503 1162 submersus
528 1133 758 1173 exstinguatur,
939 1135 1116 1175 Templum,
1143 1135 1198 1167 ubi
1223 1141 1404 1178 veneratur,

250 1175 314 1208 Sed
338 1177 371 1208 in
394 1178 474 1209 mari
501 1183 706 1213 conservatur
937 1182 1001 1213 Hic
1024 1185 1159 1214 naturae
1184 1184 1232 1215 vis
1258 1184 1402 1224 miratur,

298 1224 328 1255 A
351 1225 430 1256 coeli
450 1225 574 1258 militia.
985 1230 1086 1262 Freta
1109 1229 1191 1262 fiunt
1214 1233 1336 1271 pervia.

144 1279 223 1312 lOa,
251 1279 360 1312 Turba
381 1289 510 1313 currens
536 1283 722 1325 admiratur,
832 1286 913 1319 10b.
937 1286 982 1318 Et
1006 1295 1063 1318 nos
1087 1287 1175 1319 idem
1200 1286 1364 1329 faciamus,

251 1325 361 1359 Clerus
388 1329 488 1360 omnis
512 1331 699 1370 gratulatur,
938 1333 1090 1366 Trinitati
1114 1335 1299 1377 serviamus,

295 1374 379 1407 Vota
395 1376 498 1416 solvit,
519 1385 588 1408 cum
605 1378 653 1410 sol
671 1379 770 1412 volvit
987 1381 1031 1414 Ut
1051 1381 1205 1414 Clementi
1232 1384 1461 1425 conjungamur

296 1423 412 1454 Annua
436 1424 599 1458 solemnia.
985 1429 1022 1460 ln
1048 1432 1180 1461 aeterna
1204 1431 1317 1471 gloria.

618 1483 721 1514 Amen
748 1484 858 1516 dicant
881 1485 996 1518 omnia.

215 1534 298 1562 Misn..
319 1543 372 1562 ms.
395 1535 626 1572 Compendiense
663 1546 721 1566 aec.
744 1538 789 1567 14.
807 1539 877 1567 Cod.
890 1541 1051 1569 Parisiens.
1075 1541 1108 1569 17
1119 1540 1185 1571 318.
1200 1544 1234 1571 A.
1249 1559 1287 1563 —
1299 1545 1383 1573 Miss.
1404 1555 1455 1574 ms.

142 1571 373 1605 Compendiense
393 1581 468 1601 sace.
491 1573 535 1602 14.
557 1575 626 1603 Cod.
647 1577 807 1605 Parisiens.
830 1577 866 1606 17
876 1576 942 1606 321.
962 1579 995 1606 B.
1035 1580 1127 1608 Beide
1146 1582 1202 1608 mit
1223 1583 1292 1610 Mel.
1311 1595 1349 1605 =
1367 1584 1457 1612 Mane

141 1610 237 1643 prima
257 1610 389 1639 Sabbati.
410 1627 448 1632 -
468 1611 520 1644 521,
545 1611 558 1640 1
581 1614 648 1642 Vox
667 1615 765 1651 plorat
782 1616 818 1643 B.
838 1632 876 1636 —-
896 1615 949 1653 7b,
972 1619 984 1645 1
1008 1618 1147 1655 Relegari
1167 1621 1353 1655 gratulantur
1372 1623 1406 1650 A.

530 1686 590 1718 179.
632 1688 675 1719 De
695 1689 804 1722 sancto
826 1690 1022 1723 corbiniane.

137 1744 191 1777 1a.
220 1742 460 1784 Congaudentes
482 1747 655 1786 jubilemus
825 1751 881 1785 lb.
904 1752 1086 1785 Statuentes
1112 1754 1146 1785 in
1172 1756 1318 1794 supernis

266 1792 393 1825 Christo
422 1795 491 1835 regi
515 1796 646 1836 gloriae,
953 1800 1137 1832 Terminum
1161 1802 1305 1835 laetitiae

134 1850 189 1881 Za.
217 1849 283 1888 Quo
310 1850 448 1883 donante
472 1853 660 1892 gaudiorum
822 1855 880 1889 2b.
905 1856 989 1889 Dum
1024 1858 1064 1890 de
1098 1861 1192 1898 patre
1216 1863 1319 1893 mater
1344 1865 1454 1895 sancta

263 1897 418 1930 Abundat
441 1901 586 1940 materia,
952 1905 1107 1937 Laetatur
1134 1907 1279 1940 ecelesia.

133 1954 188 1986 3a.
218 1953 315 1993 Cujus
340 1963 457 1996 sumus,
484 1966 577 1996 quam
603 1959 763 1998 plantavit
821 1960 880 1994 3b.
903 1960 987 2000 Quos
1012 1963 1130 2002 rigavit
1153 1972 1213 2003 per
1239 1967 1386 2006 exempla

262 2001 368 2033 Verbo
389 2003 484 2044 vitae,
511 2004 613 2045 vinea,
950 2008 1078 2040 Morum
1103 2011 1266 2045 salutaria.

131 2057 189 2089 4a.
215 2057 309 2089 Felix
335 2058 507 2102 confessor,
819 2064 880 2097 4b.
903 2055 991 2103 Quae
1016 2065 1093 2097 dum
1113 2067 1244 2106 jubetur

216 2103 313 2144 CuJus
339 2104 401 2137 fuit
425 2108 604 2139 sanctitatis
900 2111 1039 2144 Laesum
1064 2114 1174 2153 placat
1198 2118 1295 2156 atque
1320 2118 1399 2149 lenit

261 2152 367 2185 Judex
392 2152 463 2186 fera
486 2154 600 2195 bestia,
948 2159 1035 2191 Mira
1058 2169 1117 2200 per
1142 2162 1305 2203 obsequia.

131 2208 187 2239 5a.
213 2207 295 2239 Erat
319 2209 369 2241 vir
393 2211 534 2249 prudens
560 2212 674 2251 animm
819 2213 878 2246 5b.
900 2215 1042 2248 Mundus
1067 2218 1102 2249 in
1126 2219 1244 2251 mundo
1266 2221 1401 2262 positus,

214 2254 409 2294 Temperans
434 2258 469 2289 in
492 2259 666 2299 prosperis,
900 2262 1018 2295 Mundi
1041 2266 1229 2299 transitoria

212 2301 320 2334 Fortis
344 2303 378 2334 in
403 2304 599 2337 adversitate
900 2308 1030 2349 Sprevit
1054 2314 1132 2352 toto,
1160 2313 1257 2344 corde
1281 2315 1418 2347 tendens

212 2349 366 2383 Famosus
392 2351 527 2389 justitia,
898 2356 953 2388 Ad
977 2359 1236 2397 supercoelestia„
