1653 2632
723 134 965 169 —57-

203 220 260 253 3a.
288 221 327 253 In
352 224 512 257 mandatis
537 226 598 259 hoe
622 227 784 271 habemus,

283 268 329 302 Ut
354 274 504 310 parentes
529 274 717 309 honoremus

332 317 465 358 Sintque
490 321 581 353 nobis
606 324 762 364 proximi3

200 368 259 401 4a.
287 368 312 401 O
339 378 433 410 quam
458 370 546 414 felix,
573 383 667 414 quam
690 375 786 408 beata

281 417 389 449 Patris
413 421 526 460 mater,
552 422 620 452 nati
644 425 728 464 nata,

333 464 432 504 Quam
457 465 560 499 felicis
585 469 717 512 gratiae,

199 516 257 548 53.
284 516 390 549 Multa
417 518 477 550 tibi
504 519 594 551 dedit
619 520 711 561 dona,

283 563 346 595 Sed
375 565 528 597 donorum
555 569 603 598 est
625 576 751 607 corona,

331 611 422 650 Quod
447 613 527 645 haec
553 614 621 646 dies
647 616 765 658 attulit,

198 662 256 695 6a.
283 662 476 702 Duplicatur
501 673 539 696 en
564 674 690 707 corona,

281 709 410 749 Duplex
436 711 496 743 tibi
522 712 618 745 datur
643 715 727 746 stola

330 757 442 790 Carnis
471 761 567 799 atque
591 761 740 801 spiritus:

196 809 253 841 73.
282 808 410 841 Gaudet
435 809 550 844 chorus
575 814 768 856 angelorum,

277 856 323 888 Et
348 861 510 890 consortes
536 861 724 900 gaudiorum

326 904 395 937 Fae
417 915 476 938 nos
502 915 580 950 esse,
609 908 754 950 domina3

195 954 254 989 8a.
283 955 378 988 Felix
402 957 491 989 sidus
518 961 550 990 et
573 960 693 1001 regina,

278 1004 344 1036 Per
368 1013 461 1044 quam
486 1006 569 1037 luxit
590 1007 646 1039 lux
672 1008 791 1050 divina,

325 1051 393 1083 Nos
416 1052 451 1084 in
475 1053 589 1085 umbra
612 1055 754 1097 respice3

869 232 927 264 31).
950 233 1054 273 Hujus
1078 243 1199 267 memor
1221 239 1271 268 est
1293 238 1446 279 mandati,

951 281 1045 313 Hunc
1069 281 1220 314 honorem
1243 284 1297 323 qui
1316 285 1370 316 dat
1387 286 1493 326 matri,

996 328 1040 360 Ut
1066 329 1108 360 sit
1133 338 1264 362 consors
1287 332 1370 366 solii.

867 378 927 412 4b.
954 379 1012 412 Cui
1036 383 1129 412 natus
1156 382 1246 414 dedit
1270 383 1396 425 donum,

949 426 995 459 Ut
1017 427 1053 458 in
1077 437 1167 460 suum
1191 430 1295 469 ipsam
1318 431 1467 464 thronum

995 474 1166 507 Exaltaret
1189 477 1294 510 hodie.

866 525 923 558 5b.
947 525 1033 564 Quae
1058 535 1077 558 a
1100 528 1217 560 mundo
1243 532 1276 560 te
1298 530 1442 571 solutam,

949 573 1046 604 Veste
1071 575 1174 606 earnis
1199 576 1380 609 reindutam

996 620 1082 652 Coeli
1106 622 1229 655 thronis
1254 624 1371 656 intulit.

864 671 921 704 6b.
944 672 1012 703 Ista
1037 674 1127 713 quasi
1153 675 1306 715 singulari

946 718 1052 751 Solam
1077 723 1110 751 te
1134 722 1201 753 vult
1227 723 1358 762 gloriari

992 767 1054 799 Ille
1079 770 1150 800 tuus
1174 769 1296 804 unicuS.

863 817 920 851 7b.
944 817 1012 850 Fae
1036 820 1177 860 gaudere
1199 823 1270 854 tuos
1294 825 1398 854 tecum

943 865 988 897 Et
1011 867 1052 898 ad
1077 867 1132 906 pia
1156 871 1230 900 vota
1253 878 1385 908 precum

990 914 1112 945 Aurem
1135 915 1222 954 piam
1248 918 1421 951 commoda.

862 963 920 996 8b.
943 964 1054 997 Tende
1078 975 1204 998 manum
1230 969 1339 1000 stratis
1363 969 1460 1010 humi,

941 1012 1017 1055 Fac,
1045 1016 1217 1054 assumpta,
1243 1024 1300 1047 nos
1324 1017 1442 1048 assumi

989 1059 1162 1091 Beatorum
1186 1062 1304 1101 requie.

244 1106 330 1134 Miss.
355 1116 408 1135 ms.
429 1107 458 1135 S.
479 1109 613 1137 Floriani
633 1111 682 1138 ΠΙ
701 1109 765 1140 208.
786 1120 862 1140 saec.
885 1111 928 1140 12.

596 1182 642 1214 70.
683 1183 719 1214 In
738 1185 958 1226 Assumptione
977 1186 1063 1217 BMV.

195 1240 251 1274 13.
277 1241 341 1273 Pro
365 1243 468 1273 matre
494 1241 612 1274 Christi
636 1243 742 1275 Maria

277 1287 483 1328 Congaudeat
507 1290 652 1333 ecclesia,

192 1341 250 1372 2a.
276 1340 416 1372 Matrem
442 1340 683 1374 misericordiae

273 1387 450 1419 Precentur
475 1387 550 1420 Sion
575 1388 670 1430 filiae,

273 1439 337 1471 Per
361 1443 404 1481 te,
432 1440 535 1472 duleis
560 1450 578 1473 ο
603 1441 719 1482 Maria,

271 1486 451 1519 Vincuntur
474 1489 574 1520 multa
597 1489 732 1530 proelia,

273 1540 337 1572 Per
359 1543 391 1571 te
414 1540 542 1580 pulsato
566 1541 645 1574 vitio

269 1587 393 1619 Malum
417 1587 554 1620 habetur
576 1588 659 1628 odio,

268 1640 333 1672 Per
357 1642 390 1671 te
414 1640 579 1672 salvantur
603 1641 719 1682 omnia,

267 1687 330 1719 Per
354 1690 387 1719 te
410 1688 559 1720 redditur
583 1688 743 1732 gaudium,

269 1740 333 1771 Per
357 1741 390 1771 te
415 1742 529 1771 01111013
549 1740 734 1779 jucunditas

268 1786 417 1818 Habetur
442 1789 474 1818 et
498 1787 692 1830 solemnitas,

268 1838 318 1869 Tu
341 1842 445 1870 mater
471 1847 503 1870 es
520 1837 674 1879 fidelium,

272 1884 473 1918 Consolatrix
497 1886 673 1927 humilium,

265 1933 305 1965 In
330 1936 362 1964 te
387 1933 430 1965 sit
453 1936 598 1966 nostrum
623 1934 760 1966 omnium

264 1981 367 2013 Amor
391 1984 422 2012 et
446 1981 545 2014 ardor
570 1981 723 2016 cordium.

266 2032 384 2065 Hostes
409 2042 517 2066 omnes
539 2033 694 2075 inficiunt,

263 2081 347 2121 Quos
372 2083 516 2122 possunt,
543 2085 574 2113 et
595 2080 749 2124 afficiunt,

264 2128 329 2161 Sed
354 2129 412 2161 hos
437 2138 546 2161 omnes
573 2129 765 2171 despiciunt,

262 2176 323 2216 Qui
347 2175 413 2208 frui
437 2179 542 2209 tecum
567 2177 688 2211 sitiunt.

264 2230 436 2263 Cantemus
461 2238 570 2262 omnes
593 2229 691 2263 hodie

262 2277 340 2310 Cum
370 2277 493 2318 ingenti
514 2277 639 2310 laetitia

151 2330 234 2364 103.
260 2331 351 2363 Η300
375 2333 425 2362 est
448 2330 560 2371 regina
584 2330 743 2372 virginum

257 2379 503 2411 Transcendens
530 2380 655 2411 culmen
680 2379 767 2412 ordi-

550 2436 637 2467 num,

190 1440 247 1472 33.

187 1540 245 1571 43.

185 1640 243 1671 53.

184 1739 243 1771 6a.

184 1839 241 1871 7a.

182 2033 238 2066 83.

177 2231 236 2263 9a.

857 1245 915 1279 lb.
938 1247 1001 1278 Pro
1026 1247 1179 1279 societate
1203 1258 1261 1281 sua

938 1292 1085 1333 Suspiret
1109 1295 1150 1326 ad
1173 1299 1339 1335 perpetua.

855 1344 912 1377 2b.
935 1345 981 1378 Ut
1005 1345 1067 1378 hae
1089 1347 1175 1378 valle
1198 1348 1346 1380 miseriae

936 1393 1014 1426 Cum
1038 1393 1103 1425 illis
1128 1394 1172 1425 sit
1194 1395 1228 1426 in
1253 1396 1333 1428 acie.

852 1443 910 1478 3b.
933 1444 985 1477 Ab
1010 1446 1141 1478 incursu
1164 1446 1421 1486 phantasmatum

935 1492 1082 1525 Custodis
1108 1494 1214 1526 cordis
1239 1494 1414 1527 sabbatum.

938 1544 988 1576 Tu
1012 1545 1075 1577 scis
1099 1546 1217 1578 amoris
1243 1545 1374 1579 foedere

933 1592 1039 1625 Corda
1064 1592 1105 1624 de
1126 1595 1214 1626 terra
1238 1595 1361 1626 tollere.

931 1644 994 1676 Per
1017 1647 1050 1676 te
1074 1644 1225 1686 fugantur
1249 1647 1329 1678 vitia

931 1691 975 1723 Et
998 1692 1049 1723 his
1076 1693 1170 1725 datur
1194 1694 1365 1727 silentium.

930 1743 979 1774 Tu
1006 1746 1108 1776 mater
1133 1753 1166 1776 es
1192 1748 1224 1776 et
1246 1744 1315 1777 filia

932 1791 1115 1831 Parensque
1138 1792 1227 1831 paris
1251 1793 1368 1826 nescia.

930 1843 994 1874 Per
1016 1845 1050 1873 te
1075 1843 1159 1874 cives
1182 1844 1318 1884 angelici

931 1888 1002 1921 Sint
1025 1890 1127 1922 nostri
1152 1899 1279 1931 semper
1302 1892 1430 1933 medici,

931 1936 991 1976 Qui
1014 1946 1072 1969 nos
1098 1940 1210 1969 curent
1232 1948 1252 1970 a
1273 1939 1395 1979 triplici

929 1984 1030 2016 Hoste
1053 1994 1113 2017 neo
1138 1986 1246 2017 sinant
1268 1987 1393 2026 subjici.

928 2037 952 2069 O
980 2040 1083 2069 mater
1106 2038 1190 2078 regis
1215 2039 1327 2078 inoliti,

928 2085 991 2117 Pro
1017 2085 1172 2126 dignitate
1195 2087 1302 2118 meriti

928 2133 995 2165 Fae
1017 2142 1076 2165 nos
1102 2137 1156 2165 tuo
1175 2134 1337 2173 juvamine

928 2180 1012 2212 Vero
1036 2181 1156 2221 repleri
1179 2182 1309 2215 lumine.

927 2231 1055 2265 Laudes
1080 2233 1214 2275 virginis
1236 2234 1371 2275 Mariae,

926 2281 1012 2321 Quae
1035 2282 1174 2313 laetatur
1197 2282 1231 2313 in
1254 2282 1366 2323 gloria.

819 2332 899 2366 10b.
920 2333 1064 2366 Excuset
1087 2334 1172 2374 apud
1198 2335 1369 2367 Dominum

924 2381 1114 2414 Nostrorum
1139 2383 1248 2423 lapsus
1274 2384 1453 2419 criminum.

850 1543 911 1576 4b.

850 1643 908 1676 512.

850 1742 907 1775 6b.

850 1841 907 1874 71).

847 2035 904 2069 8b.

845 2232 904 2265 9b.
