1653 2632
693 137 954 173 —233—

164 226 183 258 7
192 234 221 259 a.
247 226 392 259 Tandem
416 232 520 261 morte
546 230 717 264 dissolutus
853 236 872 267 7
880 234 910 267 b.
937 235 1071 277 Christe,
1098 236 1169 269 fons
1196 239 1385 279 dilectionis,

245 273 335 305 Mole
358 276 463 308 carnis
490 280 539 308 est
564 282 686 319 exutus,
935 283 994 322 Qui
1016 284 1161 324 probasti
1187 294 1240 317 cor
1267 287 1401 328 Ottonis‚

246 320 300 353 Sic
325 322 359 353 in
383 331 515 363 regnum
542 327 740 368 constitutus,
933 330 1036 370 Reple
1061 332 1122 363 tuis
1147 335 1217 364 tuos
1245 334 1345 371 donis,

244 367 299 400 Sic
324 378 471 402 coronam
496 376 659 405 assecutus
934 378 1128 416 Repleamur
1150 382 1186 411 ut
1209 381 1241 412 in
1267 381 1358 413 bonis

294 415 423 449 Gloriae
448 417 595 453 feliciter.
980 425 1100 457 Domus
1124 429 1198 458 tuae
1218 428 1346 468 J'ugiter.

237 490 321 518 Miss.
346 501 400 520 ms.
425 493 641 530 Bambergense
667 505 742 524 „saee-
771 496 815 525 15.
844 498 913 526 Cod.
938 500 1010 528 bibl.
1040 501 1202 529 Rossianae
1229 511 1250 530 s.
1278 504 1354 539 sign.
1379 504 1414 531 A.
1439 521 1476 525 -—-

158 527 243 555 Miss.
269 537 324 555 ms.
355 530 571 567 Bambergense
598 542 673 561 saec.
701 533 745 562 15.
775 535 844 563 Ood.
873 536 1051 566 Gottvicens.
1079 537 1104 566 1.
1127 540 1160 567 Β.
1183 555 1220 559 -
1240 542 1322 568 Miss.
1349 550 1402 569 ms.
1424 542 1472 571 Se-

160 567 298 594 coviense
323 575 399 595 saec.
427 568 471 597 14.
494 571 564 598 Cod.
585 571 739 600 Graeeens.
760 571 824 601 456.
848 574 879 601 C.
899 590 937 594 —-
956 576 1039 603 Miss.
1059 585 1113 604 ms.
1134 577 1289 606 Graecens.
1314 577 1376 608 128.
1397 588 1472 608 saec.

161 601 206 630 14.
230 604 265 632 1).
288 620 323 624 -
345 607 483 642 Sequent.
511 617 563 635 τηε.
584 609 756 638 Mellicense
784 614 852 647 post:
870 613 955 640 Brev.
976 614 1182 650 Bambergensz.
1210 617 1279 652 imp.
1308 625 1330 644 s.
1355 618 1375 645 1.
1399 621 1428 646 et
1447 627 1472 646 a.

158 640 195 668 E.
217 656 254 660 -—
276 641 333 671 Str.
354 642 398 671 42,
419 646 495 673 nach
516 645 559 673 51³
580 647 641 674 ΒΕ.

580 737 638 769 316.
680 740 724 771 De
743 743 852 773 sancto
872 742 1051 775 Pancratio.

161 804 216 837 la.
243 805 298 837 Ad
323 806 475 838 honorem
498 809 611 840 summi
635 809 707 851 Dei,
848 813 906 846 ib.
929 813 988 852 Qui
1010 815 1168 847 charisma
1191 817 1373 856 propinavit

239 853 495 886 Fundamentum
520 858 649 888 nostrae
673 859 752 901 spei,
928 860 999 892 Suis
1026 862 1107 894 caris
1134 866 1164 894 et
1191 864 1319 895 donavit

286 900 464 933 Jubilemus
487 903 620 943 pariter,
972 908 1122 940 Amorem
1147 910 1301 943 hilariter.

153 957 211 988 2a.
238 955 322 987 Huic
346 966 426 996 puer
453 959 527 990 dum
551 960 660 992 obedit
843 963 901 996 2b.
924 964 1141 998 Diocletianus
1165 967 1250 999 laedi

238 1004 428 1036 Pancratius
454 1009 485 1036 et
507 1007 630 1039 accedit
925 1012 1024 1044 Jubet
1046 1015 1078 1044 et
1100 1014 1273 1052 plumbatis
1299 1016 1390 1047 caedi

286 1051 340 1083 Ad
365 1051 517 1093 baptismi
541 1055 686 1095 gratiam,
971 1059 1066 1091 Hunc
1090 1060 1128 1092 ob
1155 1062 1222 1101 ejus
1247 1062 1391 1102 gloriam.

151 1108 212 1140 ea,
239 1105 355 1139 Tortor
380 1117 491 1141 arcens
516 1110 566 1141 illi
589 1111 693 1151 datur,
840 1114 897 1147 3b.
920 1115 999 1147 Mox
1024 1125 1044 1147 a
1069 1116 1194 1150 Christo
1221 1119 1401 1151 consolatur

238 1154 365 1187 Horror
388 1156 499 1188 valens
525 1157 599 1188 hinc
620 1162 779 1200 sequatur,
920 1162 965 1194 Et
988 1163 1022 1194 in
1045 1162 1110 1195 fide
1136 1164 1334 1198 confortatur

283 1202 329 1234 Ut
354 1204 465 1235 credat
491 1204 673 1248 daemoniis,
967 1210 1051 1242 Puer
1075 1220 1174 1251 purus
1196 1213 1331 1251 ,iuvenis

148 1259 208 1291 4a.
234 1259 319 1291 Puer
348 1259 461 1291 vinclis
484 1262 692 1302 mancipatus,
838 1264 896 1297 41).
921 1265 1027 1297 Judex
1052 1266 1161 1299 furens
1188 1269 1342 1301 decollari

234 1306 402 1338 Tribunali
424 1312 657 1348 praesentatus,
918 1312 1015 1344 Jubet
1035 1314 1119 1345 hunc
1144 1317 1175 1346 et
1201 1314 1278 1347 feris
1306 1317 1376 1348 dari

281 1353 323 1385 Se
349 1356 549 1387 commendat
572 1355 719 1395 Domino,
964 1361 1028 1392 Pro
1051 1361 1176 1393 Mariae
1199 1362 1275 1394 filio.

151 1411 208 1443 5a.
235 1410 352 1442 Tortor
376 1419 500 1442 sacrum
526 1415 622 1451 caput
645 1413 727 1446 scidi
834 1415 893 1449 512.
917 1416 1141 1456 Triumphavit
1165 1418 1218 1450 hic
1241 1419 1274 1451 in
1298 1421 1427 1461 mundo,

231 1457 401 1497 Promptus
428 1461 542 1499 exstat,
568 1462 605 1490 ut
627 1460 703 1492 elidi
916 1463 961 1495 Ut
991 1464 1149 1496 coelorum
1170 1466 1317 1498 adeundo

278 1504 334 1536 Vis
359 1505 466 1537 vitalis
490 1506 605 1546 valeat,
963 1510 1171 1544 Sanctitatem
1196 1514 1301 1547 saliat.

149 1563 205 1594 6a.
231 1561 427 1601 Angelorum
453 1571 581 1595 consors
606 1565 700 1605 astat,
833 1567 890 1601 6b.
914 1567 1100 1600 Electorum
1124 1578 1246 1602 merces
1274 1571 1368 1603 datur

226 1609 297 1640 Rex
332 1610 491 1641 coelorum
516 1619 606 1642 suum
631 1615 775 1651 praestat
911 1615 955 1647 Et
981 1625 1000 1647 a
1026 1615 1152 1649 Christo
1179 1621 1350 1650 coronatur

227 1655 375 1688 Solamen
401 1660 433 1689 et,
455 1657 639 1690 manifestat
914 1661 1058 1703 Sanctus,
1083 1664 1161 1696 inde
1181 1667 1218 1696 ut
1241 1666 1373 1698 tollatur

275 1704 380 1743 Ipsius
405 1704 568 1745 miracula,
960 1711 1012 1742 Ad
1038 1714 1168 1743 aeterna
1192 1713 1318 1752 gaudia.

141 1761 200 1793 Va.
228 1759 323 1792 Salve
346 1763 478 1804 martyr,
506 1770 523 1793 o
549 1763 709 1803 Panormi,
831 1766 889 1800 712.
911 1766 956 1798 Et
980 1770 1108 1799 aeterno
1133 1768 1203 1800 Deo
1231 1770 1314 1808 patri

226 1807 272 1839 Te
297 1808 464 1840 laudamus
489 1818 549 1840 non
576 1811 682 1841 tenaci
914 1814 980 1845 Nos
1007 1816 1192 1847 commenda
1216 1818 1311 1856 atque
1334 1820 1431 1851 matri

225 1854 338 1886 Laude
359 1858 483 1887 tantum
507 1856 565 1888 sed
590 1858 696 1889 veraci
914 1860 1042 1901 Christi,
1068 1871 1109 1893 ne
1132 1872 1190 1895 nos
1217 1872 1251 1895 os
1277 1864 1424 1897 barathri

272 1902 463 1935 Veneranda
484 1904 603 1944 gloria;
957 1908 1056 1941 Voret
1083 1918 1151 1941 cum
1176 1911 1315 1944 miseria.

220 1977 306 2005 Grad.
327 1986 381 2005 ms.
403 1978 574 2007 Gerusense.
597 1981 624 2008 D
645 1981 666 2007 k
686 1979 731 2008 27.
753 1990 827 2010 saec.
850 1981 894 2011 15.
909 1984 1046 2012 -—Mel.:
1068 1984 1157 2013 Salve
1176 1988 1269 2014 mater
1287 1987 1457 2016 salvatoris.

595 2081 654 2113 317.
697 2083 740 2114 De
761 2085 871 2116 sancto
892 2085 1001 2117 Paulo.

136 2151 194 2184 la.
220 2151 302 2191 Ave,
329 2151 418 2183 sidus
443 2153 671 2195 venerandum,
827 2155 885 2188 ib.
908 2156 956 2188 Te
981 2158 1137 2198 condigne
1162 2159 1397 2201 celebrandum,

221 2197 338 2231 Sancte
362 2199 472 2239 Paule,
499 2202 532 2231 te
555 2200 751 2233 laudandum
910 2203 983 2236 Tibi
1008 2214 1130 2237 summe
1156 2206 1390 2240 decantandum

267 2246 385 2287 Surgat
409 2246 496 2278 orbis
522 2248 640 2280 concio.
955 2252 1049 2284 Mens
1076 2256 1125 2285 est
1148 2257 1181 2285 et
1206 2254 1341 2288 devotio.

130 2305 192 2339 2a.
220 2304 308 2339 Urbs
334 2313 484 2345 superma
505 2305 709 2347 jucundetur,
826 2308 885 2342 2b.
908 2308 1027 2341 Noster
1053 2311 1167 2343 chorus
1194 2312 1389 2355 collaetetur,

217 2353 360 2385 Mundus
386 2355 472 2385 totus
496 2353 678 2386 illustretur
908 2357 1024 2390 Sancto
1049 2358 1149 2391 Paulo
1174 2362 1351 2401 gratuletur

263 2401 364 2435 Novis
392 2401 583 2442 cerimoniiS,
953 2406 1038 2438 Altis
1061 2406 1094 2439 in
1118 2410 1307 2448 praeconiis.
