1653 2632
613 608 653 640 51.
693 610 737 641 De
759 610 963 653 conceptione
982 615 1070 647 BMV.

176 669 235 703 13.
261 670 437 706 Innovetur
460 675 522 708 hac
544 677 579 709 in
605 678 658 710 die

258 717 330 750 Vox
353 719 459 753 fidelis
484 723 527 755 ad
550 725 676 759 Mariae

303 766 421 801 Votiva
445 770 608 813 solemnia,

177 821 233 853 2a.
259 822 363 856 Vinea
385 825 419 857 in
445 826 621 870 Dominica‚

257 869 346 903 Area
372 881 411 904 ex
433 874 591 908 Davidica

303 919 388 951 Vitis
413 924 462 952 est
484 927 672 966 propagata,

173 973 230 1005 3a.
259 973 355 1014 Cujus
381 978 467 1009 suxit
492 987 531 1010 ex
555 982 695 1013 medulla

252 1020 394 1054 Mundus
419 1026 482 1057 mel
508 1029 541 1058 et
555 1027 607 1060 lac
619 1029 686 1068 J'am
709 1031 797 1063 nulla

299 1069 455 1104 Passurus
479 1075 636 1115 nocentia,

169 1125 227 1157 4a.
255 1125 310 1158 Sic
333 1128 485 1161 suscitato
509 1130 564 1170 pio
586 1133 727 1171 germine

249 1172 402 1206 Abrahae
426 1175 531 1209 fidelis
557 1186 596 1210 ex
620 1180 740 1212 semine

294 1268 403 1302 Verba
425 1279 486 1310 per
509 1273 663 1314 angelica,

170 1324 221 1356 5a.
246 1323 397 1357 Exsultet
421 1327 515 1366 polus

248 1370 377 1404 Cunctis
403 1382 473 1406 cum
498 1377 665 1415 spiritibus

244 1419 391 1452 Resultet
414 1422 509 1454 tellus

245 1465 318 1498 Suis
344 1476 415 1500 cum
437 1470 592 1503 militibus

241 1513 286 1545 Et
311 1519 355 1555 tu,
383 1517 501 1549 ancilla
525 1518 597 1560 Dei,

284 1571 323 1594 ex
348 1566 438 1597 tanta
461 1565 677 1600 munificentia

156 1618 214 1651 6a.
241 1619 280 1651 In
306 1621 426 1652 sanatis
452 1625 483 1654 et
508 1624 640 1657 salvatis

241 1667 304 1699 Per
329 1670 361 1699 te
385 1671 458 1701 tuae
482 1672 661 1705 sanctitatis

285 1717 485 1757 Argumenta
508 1719 697 1762 probantur,

155 1770 211 1803 7a.
239 1771 288 1803 Tu
311 1772 420 1815 igitur,
448 1774 537 1815 virgo
561 1777 711 1818 gratiosa,

237 1818 392 1858 Speciosa
415 1822 559 1860 paradisi
583 1833 667 1864 rosa,

238 1866 291 1897 Ab
319 1868 457 1907 aegrotis
482 1869 607 1902 animae
628 1872 781 1906 damnosa

284 1914 363 1947 Mox
389 1915 522 1956 dignare
547 1917 686 1959 effugare
696 1930 704 1960 3

223 1998 309 2026 Miss.
329 2008 382 2027 ms.
400 2000 574 2030 Brixinense
595 2005 665 2031 anni
684 2003 768 2034 1372.

864 683 922 718 lb.
943 685 989 717 Et
1011 686 1046 718 in
1069 687 1196 720 laudem
1217 691 1328 723 matris
1352 692 1415 724 Dei

944 732 1037 765 Mens
1061 739 1249 777 prorumpat
1271 739 1368 777 plena
1391 740 1461 780 spei

990 780 1086 813 Dulci
1111 791 1182 815 cum
1207 786 1386 819 concordia.

862 835 920 870 2b.
943 836 1030 875 Quae
1054 837 1193 872 fructum
1209 841 1288 874 dans
1304 841 1483 885 fecundius,

943 884 1072 917 Florem
1098 886 1230 920 effundit
1255 889 1378 921 dulcius

988 932 1128 965 coelitus
1152 935 1294 975 irrigata.

859 986 916 1020 3b.
941 988 1039 1027 Quam
1064 990 1195 1029 spiritus
1220 992 1421 1026 obumbravit

936 1035 980 1066 Et
1003 1038 1136 1069 eandem
1160 1039 1324 1072 roboravit

986 1082 1050 1115 Sua
1075 1092 1145 1115 cum
1169 1088 1321 1125 potentia.

855 1136 914 1169 4b.
935 1138 1130 1179 Angelorum
1155 1145 1249 1174 nacta
1273 1146 1450 1187 imperium,

937 1184 1130 1219 Conscendit
1153 1190 1195 1221 ad
1219 1191 1339 1224 coelum
1366 1203 1476 1235 empy-

1248 1247 1337 1270 reum

978 1279 1051 1312 Jam
1075 1281 1137 1313 Dei
1163 1283 1345 1318 domestica.

851 1334 909 1368 5b.
932 1335 1057 1369 Sanctis
1082 1338 1189 1372 locata

930 1383 1046 1423 Sponsi
1070 1386 1104 1417 in
1136 1389 1339 1430 munenibus,

928 1430 1127 1465 Exsaturata

930 1479 1053 1518 Cupitis
1077 1482 1288 1526 amplexibus,

929 1525 1042 1558 Gaude
1067 1530 1100 1559 et
1121 1529 1219 1562 lauda
1241 1530 1356 1574 Deum,

975 1583 995 1605 a
1019 1584 1079 1614 quo
1104 1576 1184 1608 haec
1208 1577 1412 1615 sufficientia.

843 1628 901 1663 6b.
925 1629 1008 1662 Nam
1032 1632 1173 1665 morbosi
1196 1635 1367 1670 manifeste

927 1678 1124 1712 Venerantes
1147 1683 1181 1713 te
1205 1692 1225 1715 a
1248 1686 1340 1723 peste

970 1726 1146 1768 Multiplici
1171 1733 1332 1763 curantur.

844 1783 862 1814 7
871 1781 903 1814 b.
928 1782 977 1814 De
999 1784 1150 1825 Aegypto
1175 1786 1234 1818 luti
1259 1788 1430 1822 tenebrosa

922 1829 968 1861 Et
992 1839 1088 1863 exosa
1113 1833 1198 1866 valle
1222 1834 1392 1868 lacrimosa

923 1877 1015 1909 Intra
1038 1882 1134 1918 prata
1156 1890 1214 1913 nos
1241 1882 1392 1916 deliciosa

967 1926 1122 1959 Accelera
1147 1928 1325 1963 sublevare.

798 2007 867 2035 Ood.
889 2008 1086 2046 Oenipontan.
1105 2010 1170 2041 295.
1190 2029 1230 2034 -——
1246 2015 1333 2043 Mel.:
1358 2017 1462 2052 jeden-

144 2035 213 2063 falls
234 2036 283 2064 die
305 2037 356 2065 der
376 2038 510 2075 Sequenz
529 2041 665 2077 gleichen
684 2044 816 2082 Anfangs
838 2047 891 2073 auf
905 2047 1087 2084 Ingenuinus
1106 2051 1167 2078 und
1186 2052 1321 2081 Albinus.

569 2153 615 2184 52.
654 2154 699 2187 De
719 2155 924 2198 conceptione
943 2159 1031 2192 BMV.

143 2220 199 2253 13.
229 2219 377 2253 Candida
401 2222 578 2265 virginitas,

274 2268 475 2311 Consurgens
500 2280 626 2314 aurora,

225 2315 375 2349 Gloriosa
403 2318 532 2358 veritas,

270 2364 419 2406 Desuper
442 2367 549 2400 irrora

270 2412 425 2456 Gratiam,
454 2415 581 2449 decora.

832 2228 890 2264 1b.
914 2229 1093 2271 Splendida
1116 2232 1306 2277 benignitas,

959 2279 1103 2312 Fervens
1128 2282 1214 2313 omni
1237 2283 1326 2326 hora,

912 2326 1055 2360 Radiosa
1081 2329 1207 2372 caritas,

958 2374 1078 2407 Filium
1101 2385 1208 2418 exora,

958 2423 1088 2457 Veniam
1113 2425 1259 2466 implora.
