1653 2632
705 140 938 176 ,78-

199 242 256 272 6a.
283 240 308 272 O
333 241 500 280 praeclara
524 240 618 272 stella
640 239 748 278 marie,

278 287 347 326 Qua
369 287 527 327 processit
547 288 604 320 lux
627 286 750 324 solaris,

324 334 385 365 His
408 334 540 367 intende
562 333 728 374 precibus3

200 409 259 440 7a.
287 409 392 448 Salve,
418 409 507 448 virgo
532 408 710 448 singularis,

284 455 334 486 Tu
356 464 436 494 quae
462 456 556 495 digne
582 455 753 487 dominaris

331 502 371 533 In
396 510 542 541 supremo
566 502 663 541 solio3

205 577 226 608 8
241 584 270 607 a.
298 575 421 613 Gaude,
447 576 536 614 cujus
560 575 599 607 ob
627 576 789 607 dulcorum

291 622 354 654 Cor
377 621 526 660 liquescit,
548 630 607 660 per
631 630 769 653 amorem

340 667 453 707 Tuum,
476 676 613 699 vernans
637 666 757 707 lilium3

210 744 267 775 9a.
293 741 385 781 Vale,
409 739 527 773 florens
553 744 585 773 et
609 750 748 783 amoena,

295 789 382 821 Ante
407 790 511 820 ortum
534 788 606 819 luce
629 788 734 830 plena,

344 835 499 867 Puritatis
523 835 626 874 vi01a3

189 912 234 945 10
244 920 273 943 a.
297 910 378 943 Vale
402 918 528 949 semper
554 912 586 941 et.
607 910 732 941 laetare

296 958 343 991 Et
367 957 452 997 quod
479 957 575 997 digne
600 959 633 987 te
655 956 790 987 laudare

348 1005 511 1039 Possimus
535 1004 569 1036 in
594 1003 710 1045 patrIa,

881 235 939 268 61).
962 234 1049 271 Quae
1065 239 1124 270 per
1141 230 1280 260 montem
1295 222 1484 265 designariS,

962 279 1059 312 Unde
1082 276 1166 316 lapis
1187 272 1347 315 angularis

1010 324 1108 357 Venit
1131 323 1201 354 sine
1221 319 1376 353 manibus.

884 403 943 437 7b.
964 402 1059 435 Dona
1083 398 1169 438 regis
1193 396 1335 437 pretiosa

966 446 1147 488 Impertite,
1174 443 1324 485 gratiosa.

1016 494 1118 527 Nobis
1145 493 1179 524 in
1205 490 1327 522 exsilio.

890 573 949 607 8b.
972 573 1061 605 Auro
1086 569 1174 601 fulvo
1201 568 1361 604 decorata,

972 618 1127 652 Messiam
1150 625 1183 648 es
1209 614 1401 654 amplexata,

1021 665 1141 698 Summi
1165 663 1228 696 Dei
1251 661 1362 694 filium.

896 742 953 775 9b.
975 742 1057 773 Vale
1078 741 1171 781 virga
1195 738 1332 778 aridosa‚

976 787 1117 826 Fronde,
1142 785 1221 818 flore
1244 784 1432 825 germinosa‚

1025 832 1196 864 Proferens
1221 830 1398 870 amygdala.

877 907 960 940 1010.
983 906 1095 939 Duicis
1115 906 1216 944 virgo,
1242 907 1274 935 te
1297 911 1454 943 rogamu5‚

985 953 1032 985 Et
1052 952 1176 983 sincere
1198 949 1376 989 flagitamus

1036 1000 1100 1031 Pro
1125 997 1254 1030 coelesti
1282 996 1392 1037 gloria.

273 1099 450 1129 Cantionale
470 1107 524 1126 ms.
538 1097 770 1134 Vissegradense
784 1096 812 1124 V
826 1095 849 1123 O
869 1103 886 1123 e
899 1103 918 1129 η
936 1101 1011 1121 saec.
1027 1091 1072 1121 15.
1086 1092 1121 1120 A.
1135 1107 1172 1112 —
1189 1090 1257 1119 Ood.
1276 1091 1415 1127 Pragens.
1429 1088 1472 1116 VI
1486 1086 1509 1115 G

192 1139 230 1169 20
254 1148 330 1168 saec.
355 1136 400 1166 16.
423 1139 456 1166 B.
478 1152 515 1157 ——
534 1137 593 1164 Mit
610 1136 680 1164 Mel.
700 1135 760 1163 AB.

648 1286 694 1317 98.
733 1285 778 1316 De
799 1284 894 1315 beata
913 1282 1015 1314 Maria
1035 1281 1070 1313 V.

197 1385 254 1418 la.
277 1384 303 1416 Ο
329 1383 426 1415 beata
449 1382 615 1414 beatorum

327 1430 525 1470 Angelorum
552 1429 690 1468 domina,

282 1479 307 1511 Ο
331 1475 449 1510 devote
476 1477 663 1509 devotorum

329 1524 511 1558 Laudanda
535 1532 594 1564 per
618 1524 769 1556 carmina.

199 1604 257 1635 2a.
283 1600 369 1634 Fide
393 1603 478 1639 voto,
504 1600 601 1632 corde
625 1602 704 1634 toto,

330 1649 377 1681 Te
399 1657 569 1688 precamur
592 1647 726 1688 pariter,

282 1697 331 1730 Ut,
353 1696 467 1728 invicti
491 1705 511 1727 a
537 1695 645 1727 delicti

330 1744 421 1776 Labe
444 1743 542 1775 simus
564 1743 694 1783 jugiter.

201 1822 259 1854 321.
284 1819 387 1852 Nobis
411 1819 520 1852 datum
546 1828 586 1851 ex
610 1822 644 1850 te
667 1821 777 1850 natum

333 1868 432 1900 Plaoa
454 1867 553 1899 verbo
577 1866 690 1905 filium,

282 1914 334 1945 Ne
357 1923 497 1954 ruamus,
524 1923 565 1945 ne
589 1914 762 1953 perdamus

332 1961 505 1993 Beatorum
528 1961 716 2000 praemium.

201 2035 259 2066 4a.
285 2035 354 2066 Fac
373 2044 431 2066 nos
454 2043 563 2067 omnes
589 2034 781 2066 cohaeredes

335 2080 462 2113 Christo
485 2082 520 2112 in
546 2081 747 2119 coelestibus,

286 2126 384 2165 Apud
410 2128 516 2166 ipsum
539 2128 604 2158 sint
626 2127 792 2158 mercedes

334 2173 408 2204 Tibi
433 2174 657 2206 servientibus,

891 1378 950 1411 ib.
978 1377 1002 1410 O
1027 1376 1145 1417 Maria,
1171 1378 1273 1407 mater
1296 1373 1360 1414 pia,

1022 1424 1101 1457 Dita
1124 1432 1182 1455 nos
1203 1421 1384 1460 virtutibus,

974 1473 1021 1506 Ut
1041 1471 1225 1512 frequenter
1248 1472 1281 1501 te
1307 1469 1453 1501 decenter

1022 1520 1219 1553 Veneremur
1242 1516 1400 1550 laudibus.

892 1597 951 1631 ab.
974 1595 1138 1629 Gareerati
1161 1595 1252 1627 Evae
1273 1593 1341 1626 nati

1022 1644 1132 1677 Durae
1156 1651 1215 1674 ure
1240 1641 1365 1674 vincula

974 1693 1053 1733 Igne
1077 1691 1161 1733 divo,
1188 1689 1261 1730 agni
1285 1689 1353 1721 rivo

1022 1739 1114 1772 Lava
1136 1747 1239 1779 prava
1262 1736 1395 1777 singula.

893 1817 953 1851 3b.
976 1817 1041 1849 Sed
1068 1825 1139 1847 cum
1162 1814 1273 1847 mundi
1297 1811 1485 1854 gemebundi

1026 1864 1155 1897 Desinit
1179 1862 1335 1901 exsilium,

976 1912 1149 1952 Eruamur,
1174 1910 1396 1943 nanciscamur

1025 1959 1215 1992 Sanctorum
1241 1956 1408 1990 consortia.

894 2033 954 2066 4b.
978 2033 1069 2072 Rege
1093 2042 1162 2073 nos,
1185 2036 1224 2065 ut
1246 2036 1444 2065 ‘transeamus

1025 2079 1142 2111 Mundi
1166 2081 1362 2121 transitoria,

976 2125 1021 2158 Ut
1046 2128 1182 2165 perenni
1205 2129 1369 2161 valeamus

1025 2174 1146 2205 Tecum
1171 2174 1237 2206 frui
1260 2176 1374 2215 gloria.

280 2263 364 2290 Miss.
377 2273 431 2291 ms.
444 2265 642 2292 Altovadense
655 2265 784 2292 LXXXI
800 2272 876 2291 saec.
892 2263 936 2292 15.
950 2265 986 2292 A.
1002 2280 1037 2284 —
1054 2266 1141 2294 Miss.
1158 2276 1212 2294 ms.
1229 2267 1324 2302 Capit.
1340 2268 1526 2298 Olomucens.

206 2296 270 2326 134.
292 2307 368 2329 saec.
391 2300 435 2328 14.
456 2303 498 2328 in.
517 2303 552 2328 B.
573 2302 706 2328 -Miss
727 2310 780 2328 ms.
796 2301 892 2336 Capit.
914 2302 1102 2331 Cracoviens.
1122 2302 1150 2332 2.
1172 2305 1243 2331 anni
1265 2302 1348 2333 1438.
1372 2306 1402 2334 Ο.
1417 2309 1526 2336 —Die

204 2336 273 2372 Mel.
294 2337 465 2365 bezeichnet
485 2338 531 2373 la„
555 2338 580 2367 1.
