1653 2632
708 135 872 170 —226
930 154 975 159 —

187 232 242 263 2a.
269 231 349 272 Ave,
375 240 486 264 norma
513 231 666 271 veritatis,
868 229 927 263 2b.
949 229 1029 269 Ave,
1057 229 1152 261 decus
1176 226 1400 264 confessorum,

269 279 349 319 Ave,
372 279 468 318 jubar
492 278 679 318 sanctitatis,
952 277 1065 309 Pastor
1089 284 1183 308 verus
1211 276 1445 313 monachorum,

272 327 361 358 Tuae
384 326 485 358 virtus
507 325 658 357 bonitatis
952 324 1038 355 Audi
1062 331 1173 363 preces
1199 324 1396 354 servulorum

318 373 439 404 Nostra
460 373 562 412 pellat
584 372 671 405 vitia.
1000 371 1043 402 Et
1068 371 1198 402 laudum
1223 370 1402 410 praeconia.

190 430 246 461 3a.
273 430 352 467 Ave,
378 436 470 460 serve
493 429 570 461 Jesu
596 427 724 468 Christi,
874 427 931 461 3b.
954 427 1187 468 Supplicamus‚
1213 435 1271 458 nos
1297 427 1439 465 emenda,

271 475 328 506 Pie
352 483 477 514 semper
501 475 575 506 huie
598 476 734 514 servisti,
955 474 1150 506 Emendatos
1177 482 1233 505 nos
1266 474 1452 506 commenda

272 522 320 553 Tu
344 530 401 553 nos
425 521 459 552 in
482 521 543 552 hoc
567 523 684 554 mundo
709 521 795 554 tristi
955 521 1024 553 Deo
1049 524 1158 553 nostro
1184 521 1226 552 ad
1251 520 1398 553 habenda

317 568 386 599 Tua
410 576 484 607 rege
510 569 622 607 gratia.
1003 568 1204 608 Sempiterna
1226 568 1351 608 gaudia.

265 661 348 687 Miss.
375 669 427 687 ms.
456 660 631 688 Fossatense
656 668 730 688 saec.
759 659 804 688 14.
833 660 901 688 Cod.
928 661 1086 688 Parisiens.
1117 658 1224 688 12060.
1253 660 1339 687 Mel-z
1370 660 1499 687 Verbum

191 699 300 726 bonum
320 700 349 725 et
369 706 466 725 suave.

632 835 699 867 305.
742 835 786 867 De
806 836 914 866 sancto
934 835 1049 867 Mauro.

218 925 272 957 la.
299 924 402 956 Adest
427 924 493 955 dies
519 924 710 963 veneranda,
901 924 959 958 lb.
985 924 1023 956 In
1047 924 1109 955 hac
1134 923 1186 955 die
1209 924 1316 963 pulset
1341 923 1445 955 caelos

297 971 374 1003 Dies
394 971 485 1002 melis
512 971 710 1003 decantanda
984 970 1216 1003 Concor-datum
1243 971 1335 1002 dulce
1359 971 1458 1003 melos

346 1018 389 1050 Et
416 1018 572 1050 camoenis
600 1018 762 1058 dulcibus;
1030 1018 1114 1060 Vita,
1142 1026 1228 1058 voce,
1254 1018 1405 1051 moribuS.

219 1077 277 1109 2a.
301 1074 390 1107 Haec
416 1077 464 1106 est
489 1075 556 1107 dies
579 1083 705 1114 semper
729 1077 821 1115 grata
901 1075 958 1107 21).
981 1074 1120 1107 Plaudat
1141 1082 1214 1114 ergo
1237 1077 1345 1106 noster
1381 1075 1503 1114 chorus,

298 1122 404 1153 Patris
428 1121 534 1153 Mauri
561 1125 745 1154 consecrata
983 1122 1082 1153 Totus
1104 1122 1208 1153 laetus
1234 1124 1266 1153 et
1291 1122 1425 1154 dec-orus

351 1168 446 1200 Dulci
471 1168 660 1211 patrocinio,
1034 1168 1192 1201 Concordi
1216 1168 1368 1208 tripudio.

220 1227 275 1258 3a.
302 1225 434 1257 Sanctus
460 1225 540 1256 enim
566 1225 627 1257 Dei
651 1225 794 1266 Maurus,
903 1226 960 1259 3b.
981 1225 1179 1264 Deponendo
1205 1224 1309 1257 carnis
1335 1226 1450 1257 molem

301 1273 397 1311 Quem
413 1272 566 1304 victorem
582 1272 692 1304 mundi
708 1273 819 1304 laurus
986 1272 1115 1305 Clarum
1140 1272 1227 1304 sidus
1253 1281 1351 1313 supra
1375 1273 1473 1305 solem

348 1319 485 1351 Coornat
509 1319 542 1350 in
567 1320 685 1358 specie,
1031 1319 1125 1351 Felix
1150 1320 1275 1352 scandit
1299 1320 1403 1352 hodie.

222 1378 277 1409 4a.
305 1375 447 1407 Christus
467 1374 557 1414 jubet
581 1384 639 1407 nos
664 1376 785 1416 videre,
902 1376 961 1410 4b.
987 1376 1071 1408 Dum
1098 1376 1244 1416 cognovit
1266 1377 1395 1417 malum,
1427 1376 1511 1408 cavit

300 1422 432 1454 Maurus
455 1422 539 1454 vidit
563 1431 688 1462 semper
713 1431 786 1455 vere
983 1423 1028 1455 Et
1052 1424 1187 1456 virtutes
1213 1424 1377 1455 adamavit

353 1469 404 1500 Ab
430 1469 654 1509 adolescentia,
1032 1471 1139 1511 Atque
1161 1471 1282 1510 sprevit
1307 1471 1393 1505 vitia.

224 1527 279 1558 5a.
306 1526 390 1557 Puer
415 1526 497 1556 enim
524 1525 708 1562 duodennis,
906 1527 962 1560 5b.
987 1527 1181 1559 Benedictus
1206 1528 1320 1559 timens
1345 1527 1448 1560 Deum

306 1574 371 1610 Quo
396 1570 434 1603 fit
459 1573 526 1604 dies
551 1573 604 1604 hic
625 1573 773 1613 solennis,
989 1575 1100 1607 Nutrit
1126 1577 1221 1615 atque
1250 1575 1341 1607 docet
1365 1584 1435 1606 eum

355 1618 466 1658 Coepit
489 1620 649 1652 Christum
674 1621 797 1660 colere,
1034 1622 1135 1654 Recte
1159 1631 1285 1662 semper
1308 1623 1425 1654 vivere.

224 1677 280 1709 63.
306 1675 402 1707 Jubet
427 1674 570 1707 Christus
595 1676 738 1717 vigilare,
906 1678 965 1711 6b.
989 1678 1075 1710 Raro
1101 1687 1244 1710 somnum
1268 1679 1426 1719 capiebas,

306 1722 463 1764 Vigilasti,
488 1726 580 1762 pater
600 1724 724 1764 Maure,
990 1726 1084 1758 Stans
1107 1726 1160 1758 vel
1185 1726 1300 1758 sedens
1332 1726 1511 1758 dormiebas

356 1770 433 1802 Gurn
458 1770 578 1810 ingenti
602 1772 726 1811 studi03
1036 1773 1172 1805 Indutus
1199 1774 1311 1806 cilicio.

226 1827 279 1860 7a.
305 1826 472 1858 Benedicti
497 1827 606 1859 vivens
630 1837 718 1860 more
908 1829 965 1862 7b.
988 1829 1055 1861 Nos
1081 1838 1173 1862 orare
1199 1830 1343 1862 Christus
1368 1833 1484 1871 monet,

301 1873 400 1905 Fame
426 1882 539 1913 corpus
566 1877 598 1905 et
621 1875 730 1916 algore
989 1876 1061 1916 Hic,
1076 1877 1261 1918 priusquam
1274 1878 1398 1918 signum
1410 1880 1510 1916 sonet,

353 1920 534 1953 Edomabas
559 1922 666 1954 nimio.
1036 1924 1096 1955 Est
1121 1924 1155 1956 in
1180 1925 1328 1959 oratorio.

226 1977 280 2009 8a.
306 1976 355 2008 De
379 1978 497 2009 virtute
517 1978 551 2009 in
580 1979 731 2011 virtutem
909 1980 966 2014 8b.
988 1980 1091 2012 Deum
1117 1984 1202 2012 amat
1227 1984 1260 2012 et
1282 1984 1420 2020 veretur,

308 2024 460 2057 Crescens
468 2024 600 2056 Maurus
608 2026 716 2057 domat
724 2028 826 2057 cutem
991 2027 1080 2059 Patri
1102 2036 1193 2059 carus
1218 2029 1294 2060 hinc
1317 2029 1452 2060 habetur

355 2071 471 2103 Obedit
495 2072 639 2113 spiritui3
1038 2077 1146 2115 Atque
1171 2074 1305 2107 fratrum
1331 2076 1441 2108 coetui.

228 2128 282 2160 9a.
310 2127 481 2159 Ordinatus
507 2128 559 2159 hic
582 2129 681 2160 levita
910 2131 966 2163 9b.
989 2131 1164 2164 Benedicto
1189 2131 1225 2164 fit
1242 2133 1360 2164 sodalis

307 2174 351 2206 Ut
376 2175 526 2214 magister
551 2176 630 2208 vivit
655 2177 711 2215 ita,
989 2178 1034 2210 Et
1057 2179 1187 2218 adJ'utor
1211 2180 1316 2212 nullus
1341 2179 1414 2210 talis

355 2221 450 2253 Facit
473 2225 504 2253 ct
526 2223 697 2263 miracula3
1039 2225 1111 2258 Jam
1138 2227 1199 2258 erit
1222 2227 1256 2258 in
1278 2226 1414 2258 saecula.

205 2277 284 2309 102·
311 2277 416 2309 Patris
438 2278 528 2317 jUSSU
553 2279 719 2311 Benedicti
888 2282 969 2316 101).
993 2282 1047 2314 Sic
1072 2283 1125 2323 qui
1149 2282 1214 2315 fide
1237 2292 1299 2315 non
1325 2283 1457 2320 nutavit,

310 2324 412 2364 Super
437 2334 533 2365 aquas
558 2335 646 2358 more
670 2327 760 2359 Petri
993 2329 1096 2370 Super
1120 2329 1237 2362 flumen
1262 2330 1437 2361 ambulavit

355 2371 491 2404 Currens
515 2374 615 2406 traxit
639 2374 813 2418 Placidum,
1042 2377 1132 2409 Sicco
1157 2378 1241 2417 pede
1265 2377 1429 2417 liquidum.
