1653 2632
688 114 922 149 -58—

150 217 231 252 lla.
256 216 325 249 Nos
349 215 391 247 ad
415 216 596 246 sanctorum
622 211 754 251 gloriam
836 209 876 241 11
886 208 917 240 b.
940 208 1016 240 Post
1041 208 1243 247 praesentem
1266 205 1429 237 miseriam

256 264 320 297 Per
343 262 444 303 ipsius
469 260 619 300 suffragia
942 254 1062 287 Christi
1086 253 1243 293 perducat
1267 252 1378 293 gratia.

227 318 310 347 Miss.
327 327 381 346 ms.
403 316 570 345 Senonense
591 323 666 342 saec.
689 310 732 340 13.
755 310 824 339 God.
843 310 1003 338 Parisiens.
1026 307 1061 336 10
1070 306 1135 336 502.
1175 307 1260 335 Ohne
1277 307 1347 335 Mel.

582 387 621 419 71.
660 386 696 417 In
716 383 934 423 Assumptionc
951 381 1039 413 BMV.

152 454 209 488 la.
235 452 430 493 Angelorum
452 448 641 489 ordinatrix,
839 443 897 476 lb.
918 443 1126 475 Dominarum
1153 441 1356 480 dominatrix,

233 501 441 533 Peccatorum
464 495 646 534 mediatrix,
918 490 1112 530 Reginarum
1135 488 1336 529 imperatrix,

284 545 461 578 Sanitatum
485 542 623 580 sanitas;
969 537 1180 570 Sanctitatum
1205 535 1369 569 sanctitas,

154 605 211 636 2a.
237 603 367 635 Patrem
391 600 479 640 paris
837 594 896 628 2b.
917 595 989 628 Ave
1012 595 1124 627 mundi

327 656 443 688 parens
476 648 507 677 et
529 644 607 684 filia,
1014 651 1089 674 rosa
1110 641 1329 680 mundissima,

235 696 308 728 Tibi
333 695 393 728 soli
919 689 1076 730 Fraglans
1104 698 1188 729 rosa,

331 743 456 774 constat
478 740 559 772 haec
583 739 694 780 gloria,
1014 746 1088 768 rosa
1112 736 1293 778 purissima,

282 789 415 822 Gemma
439 787 640 827 mortalium;
970 784 1047 816 Reis
1072 784 1257 816 remedium.

156 849 211 881 3a.
237 847 319 879 Mali
342 854 478 877 naevum
504 843 661 884 delevisti,
839 841 898 874 3b.
919 841 1027 873 Morte
1058 845 1192 873 mortem
1218 840 1272 880 qui
1297 839 1470 879 domando,

237 895 343 927 Solem
367 893 462 925 stella
486 891 633 932 genuisti,
921 888 1010 920 Lacu
1036 886 1135 919 faecis
1160 887 1361 919 emundando

283 941 467 973 Genitorem
491 938 578 979 filia3
971 935 1085 967 Secum
1109 935 1210 966 traxit
1237 934 1351 967 omnia.

153 1001 211 1033 4a.
237 998 407 1031 Moriendo
432 998 567 1028 mortem
591 995 715 1035 stravit,
842 993 900 1026 4b.
925 991 996 1024 Suis
1021 991 1068 1023 ibi
1092 1000 1127 1023 se
1151 991 1323 1023 ostendens

235 1046 291 1078 Ad
314 1044 442 1077 inferna
465 1043 654 1084 pervolavit,
921 1039 976 1071 Ad
1000 1047 1034 1071 se
1058 1039 1161 1072 traxit
1184 1047 1294 1070 manus
1319 1038 1459 1070 tendens

285 1093 401 1125 Vectes
426 1090 524 1132 fregit
547 1089 687 1131 inferos3
972 1086 1205 1126 Derelinquens
1229 1085 1373 1117 miseros.

155 1153 212 1184 5a.
239 1150 319 1191 Ave,
346 1157 405 1189 per
431 1157 524 1189 quam
549 1147 635 1179 salus
662 1147 765 1190 datur,
843 1144 901 1177 5b.
923 1144 1004 1184 Ave,
1030 1152 1089 1183 per
1114 1152 1207 1183 quam
1232 1143 1404 1182 relaxatur,

237 1198 317 1235 Ave,
343 1205 402 1236 per
427 1204 521 1235 quam
546 1194 703 1227 solidatur
924 1191 1014 1231 Ave,
1044 1199 1103 1230 per
1128 1199 1222 1230 quam
1246 1190 1475 1230 pessumdatur

285 1244 439 1276 Nostrum
464 1242 663 1281 insoliditas3
972 1239 1093 1271 Reatus
1119 1237 1299 1270 enormitas.

158 1303 214 1336 6a.
241 1301 322 1341 Ave,
347 1303 450 1331 mater
845 1296 903 1329 6b.
925 1296 981 1328 Ad
1005 1298 1037 1327 te
1063 1296 1181 1327 clamat

290 1348 374 1388 regis
396 1347 550 1388 justitiae,
978 1342 1157 1375 claustralis
1184 1342 1303 1383 concio,

242 1395 328 1427 Fons
353 1394 475 1434 salutis,
927 1391 1028 1430 Quam
1053 1391 1177 1431 asylum

289 1443 377 1483 origo
402 1441 523 1482 veniae,
978 1438 1079 1470 omnis
1103 1436 1262 1478 professio

243 1491 342 1523 Porta
368 1489 458 1529 coeli,
928 1484 1112 1525 Profitetur,

291 1537 401 1569 domus
426 1536 579 1577 laetitiae,
977 1535 1087 1565 nostra
1114 1533 1304 1573 redemptio,

243 1584 418 1617 Deviantes
929 1580 1051 1613 Nostra
1075 1581 1171 1621 salus,

291 1630 469 1663 reformans
492 1630 623 1672 gratiae,
976 1631 1088 1660 nostra
1112 1628 1257 1661 salvatio.

162 1691 217 1723 721.
246 1689 475 1729 Deprecamur,
502 1696 559 1719 nos
584 1687 715 1719 absolve
849 1685 909 1718 71).
933 1685 986 1718 Ibi
1010 1685 1171 1718 Christum
1198 1685 1412 1717 collaudemus

244 1736 481 1776 Absolutosque
506 1733 640 1767 confove
932 1734 1134 1766 incessanter
1160 1736 1192 1765 et
1217 1736 1378 1765 cantemus

290 1783 359 1816 Nos
383 1784 415 1815 in
443 1783 523 1815 coeli
548 1781 1021 1821 curia31n
1046 1781 1181 1813 excelsis
1207 1781 1318 1821 gloria.

239 1836 1341 1875 visanis.S.Mag10riiPa1-isiens.saec.15.eod.Parisiens.(A1-.sen)
1363 1834 1427 1864 623.
1443 1850 1483 1855 —-

162 1877 213 1914 2b,
235 1877 254 1906 2
273 1879 427 1914 Flagrans
447 1894 487 1898 —-
506 1876 560 1913 312,
584 1877 597 1904 l
621 1876 767 1904 donando.
789 1890 825 1894 —
846 1874 899 1911 610,
920 1874 938 1904 3
960 1876 1052 1909 Quem
1074 1876 1198 1911 asylum.

589 1950 635 1981 72.
674 1950 710 1981 In
729 1948 947 1989 Assumptione
967 1949 1055 1980 BMV.

165 2014 221 2047 la.
249 2013 337 2051 Quae
370 2015 419 2044 est
441 2012 514 2050 ista,
542 2019 622 2051 quae
646 2010 793 2042 ascendit
852 2009 911 2042 1b.
931 2010 1021 2041 Haec
1046 2011 1095 2040 est
1120 2008 1222 2041 hostis
1247 2008 1433 2042 Holofernis

293 2059 466 2091 Transiens
494 2059 631 2099 deserta,
980 2055 1101 2087 Mulier
1125 2056 1285 2098 Hebraea,

248 2107 315 2146 Quo
332 2107 438 2138 tendit
454 2109 510 2138 aut
522 2106 598 2145 quid
610 2103 794 2144 praetendit
934 2102 1017 2141 Quid
1031 2102 1185 2146 JudanS,
1203 2104 1320 2148 Aman,
1343 2104 1483 2145 spernis,

295 2154 445 2185 Floribus
471 2150 607 2193 operta?
982 2150 1102 2182 Hester
1127 2154 1177 2183 est
1198 2152 1357 2185 Hebraea.

246 2202 345 2243 Pape,
371 2199 473 2232 furem
497 2209 561 2232 non
586 2198 726 2230 ostendit
935 2197 1152 2231 Mardochaeo
1179 2208 1304 2230 crucem
1329 2200 1460 2243 sternis,

298 2247 418 2287 Opibus
443 2245 574 2286 referta,
984 2245 1131 2277 Punieris
1162 2255 1208 2285 ea,

249 2295 347 2335 Virgo
376 2294 564 2335 singularis3
938 2292 1115 2332 Singularis
1139 2292 1226 2325 ferus

251 2343 287 2382 O,
314 2341 435 2381 praedo
457 2342 524 2380 jam
549 2339 726 2380 praedariS,
938 2339 974 2379 O,
998 2348 1055 2371 rex
1077 2343 1126 2371 est
1140 2341 1311 2381 Assuerus,

296 2388 423 2422 Praeda
447 2387 549 2419 factus
574 2386 716 2426 virginis.
983 2386 1102 2418 Hester
1125 2388 1231 2427 magni
1255 2388 1403 2422 nominis.
