1653 2632
194 208 242 238 Za

196 409 251 441 3a.

195 609 252 640 42..

195 1017 242 1049 la

195 1217 249 1248 Za.

192 1417 248 1448 3a.

191 1830 248 1862 la.

194 1984 249 2015 22.

192 2292 249 2324 4a.

733 112 969 147 ...23-

245 234 252 241 .
280 206 383 239 Cerne
406 208 539 240 verbum
564 209 774 251 incarnatum,

275 254 350 287 Tibi
374 260 494 296 natum,
520 256 581 288 tibi
607 257 725 297 datum,

277 302 340 335 Pro
364 305 398 335 te
421 313 560 348 passum,
586 304 792 345 immolatum,

325 350 376 382 Ne
399 354 566 391 putrescas
592 353 721 384 scelere.

280 407 335 440 Sic
358 408 497 450 adjutus,
524 409 572 440 sie
594 409 715 440 solutus

278 455 355 488 Noli
378 456 472 487 nimis
498 464 567 487 esse
589 459 687 496 tutus,

279 503 375 535 Certa
398 502 483 535 forte
507 503 554 535 sic
576 503 715 535 imbutus

325 550 420 582 Virili
446 551 635 590 certamine,

280 607 375 639 Salve
398 615 485 647 οπως,
512 607 604 647 elavi,
630 605 767 648 flagella,

278 654 427 694 Spongia,
450 655 572 693 lancea,
599 654 702 694 spina,

279 702 369 742 Vela,
397 702 539 741 chlamys
565 705 597 733 et
622 703 768 734 columna

324 749 433 781 Armis
459 752 491 781 et
516 758 586 781 cum
610 750 761 790 reliquis,

880 209 938 242 2b.
960 209 1095 242 Pressor
1118 207 1212 241 nimis
1238 216 1308 239 oum
1332 208 1473 248 emungit

962 256 1062 296 Spina
1085 264 1209 287 sacrum
1239 258 1334 295 eaput
1358 255 1480 295 pungit,

963 303 1027 336 Sua
1050 304 1193 336 membra
1217 311 1274 334 nos
1299 303 1449 343 perungit

1011 350 1111 383 Cruor
1134 349 1235 382 fluens
1259 358 1407 390 propere.

881 408 938 441 3b.
959 409 1030 448 Age
1052 410 1158 448 grates
1182 407 1352 447 majestati,

961 455 1075 488 Redde
1099 455 1183 487 vices
1210 455 1345 493 caritati,

960 503 1086 535 Memor
1111 506 1178 534 esto
1203 502 1284 533 tanti
1310 502 1378 534 dati

1010 550 1079 582 Neo
1102 558 1240 589 unquam
1265 549 1462 582 obliviscere.

879 607 938 640 4b.
961 608 1062 639 Arma
1084 609 1140 638 tua
1161 615 1246 637 nunc
1268 606 1377 646 adoro,

965 655 1091 688 Christe
1114 655 1212 693 Deus,
1240 656 1272 685 et
1295 654 1356 685 hoe
1381 662 1447 694 or0,

962 702 1008 735 Ut
1029 702 1064 733 in
1091 701 1182 733 domo
1208 703 1240 732 et
1262 701 1296 733 in
1320 699 1389 733 foro

1009 749 1069 781 His
1096 747 1250 781 defendas
1276 748 1395 788 clipeis.

271 814 358 843 Grad.
380 822 432 842 ms.
453 815 605 843 Borkense
626 815 652 842 A
673 813 690 842 9
713 823 789 843 saee.
811 813 856 843 15.
877 829 911 833 -—
933 815 984 850 4b‚
1006 813 1026 842 4
1045 814 1181 842 defendat
1200 814 1254 841 Hs.

670 935 719 966 20.
761 934 804 966 De
825 934 957 966 Sudario
979 935 1036 966 DN.

244 1042 251 1049 .
281 1016 358 1055 Ave,
385 1015 502 1048 Christi
528 1015 702 1055 sudarium,

277 1063 380 1094 Verae
404 1063 515 1094 mortis
539 1062 700 1102 indicium,

277 1111 430 1143 Nostrum
458 1110 581 1150 adauge
605 1109 765 1149 gaudium,

276 1158 396 1190 Mentis
420 1158 499 1189 tolle
522 1156 696 1189 fastidium.

277 1215 403 1255 Omnes,
430 1214 484 1255 qui
508 1214 570 1245 huc
593 1213 768 1245 adveniunt

274 1262 319 1293 Et
340 1265 374 1293 te
396 1262 506 1294 videre
532 1261 672 1300 eupiunt,

277 1310 408 1350 Signum
432 1310 543 1341 mortis
568 1308 779 1348 prospiciunt,

275 1357 342 1397 Quo
367 1356 488 1389 fontem
512 1357 598 1388 virae
622 1356 744 1388 sitiunt.

277 1414 301 1447 Ο
326 1414 501 1454 pretiosum
525 1413 668 1452 linteum,

276 1461 398 1502 Corpus
422 1464 533 1502 tegens
558 1461 746 1500 virgineum,

273 1510 442 1541 Decorasti
467 1517 678 1541 marmoreum

275 1557 395 1589 Summi
419 1557 503 1597 regis
528 1556 733 1588 mausoleum.

881 1015 940 1049 lb.
962 1015 1013 1047 Tu
1038 1023 1080 1055 es,
1107 1017 1250 1046 sanetum
1274 1013 1446 1051 sudarium,

962 1062 983 1094 J
985 1070 1039 1093 esu
1065 1061 1184 1094 Christi
1208 1061 1393 1102 sacrarium,

963 1110 1046 1142 Suae
1069 1109 1180 1141 mortis
1205 1108 1416 1149 praesagium,

960 1157 1007 1188 Te
1031 1156 1161 1196 reliquit
1184 1165 1242 1187 rex
1265 1156 1414 1196 gentium.

879 1213 936 1246 2b.
957 1213 1006 1245 Tu
1029 1213 1197 1244 thesaurus
1223 1212 1394 1254 angelicus,

960 1260 1008 1292 Te
1035 1259 1206 1292 custodivit
1234 1260 1374 1300 angelus,

960 1308 1007 1339 Te
1031 1308 1223 1339 monstravit
1246 1307 1432 1339 mulieribus

960 1356 1014 1387 Ad
1039 1358 1274 1387 monumentum
1298 1353 1457 1386 flentibus.

879 1412 937 1445 31).
961 1412 1038 1445 Jesu
1064 1411 1200 1451 Christe,
1226 1420 1283 1443 rex
1308 1411 1457 1450 omnium,

961 1459 1022 1499 Qui
1045 1459 1105 1491 hoe
1131 1460 1264 1491 sacrasti
1288 1459 1431 1499 pallium,

960 1507 1114 1539 Nostrum
1139 1506 1287 1547 absterge
1311 1506 1423 1539 vitium

961 1555 1006 1587 Et
1030 1555 1072 1587 <la
1096 1563 1237 1595 perenne
1261 1554 1419 1594 gaudium.

265 1623 348 1650 Miss.
369 1631 422 1650 ms.
443 1623 656 1650 Lemovieense
676 1628 752 1649 saec.
775 1618 819 1648 15.
841 1620 910 1648 Ood.
931 1620 1114 1650 Berolinens.
1135 1620 1222 1647 Ham.
1243 1618 1308 1647 442.

687 1746 728 1778 21.
767 1746 812 1778 De
833 1745 933 1777 Hasta
951 1745 1010 1776 DN.

276 1829 472 1860 Veneremur
496 1828 592 1860 hodie

275 1876 411 1908 Hastam
435 1876 520 1915 regis
544 1875 665 1915 gloriae

323 1923 427 1955 Nimis
452 1923 637 1960 virtuosam,

279 1981 392 2014 Clavos
417 1989 540 2021 quoque
564 1978 697 2022 ferreos,

275 2030 375 2063 Fixos
401 2032 450 2060 est
473 2028 672 2069 sanguineos,

323 2077 407 2116 Quos
432 2076 568 2110 mundus
594 2075 741 2116 expavit3

220 2157 249 2170 ι.
277 2135 301 2168 O
327 2135 424 2167 beata
445 2134 567 2174 lancea,

274 2184 375 2224 Quam
401 2182 520 2215 Christi
544 2181 727 2222 praesentia

323 2231 403 2264 Tam
427 2230 481 2271 pio
506 2237 619 2261 cruore

275 2289 337 2322 Dei
363 2289 470 2321 clavos
496 2295 608 2319 aureos

276 2337 376 2371 Simul
402 2340 434 2369 et
457 2335 646 2376 sanguineos

323 2386 439 2419 Omnes
465 2384 646 2424 adoremus3

881 1825 937 1859 1b.
959 1825 1121 1857 Lanceam
1144 1824 1321 1856 terribilem

961 1872 1006 1905 Et
1029 1872 1121 1904 nobis
1144 1872 1322 1912 amabilem,

1009 1920 1112 1952 Nimis
1137 1920 1320 1962 pretiosam,

880 1977 938 2011 2b.
961 1977 1079 2010 Sancta
1105 1976 1223 2009 Christi
1247 1977 1354 2017 passio

961 2025 1081 2057 Nostra
1107 2028 1155 2056 est
1176 2025 1365 2065 redemptio,

1009 2072 1142 2105 Limbus
1167 2073 1347 2105 exsultavit.

880 2131 938 2165 31).
962 2130 1040 2163 Cum
1065 2130 1162 2171 guttis
1187 2130 1368 2170 sanguineis

962 2179 1064 2211 Victis
1089 2180 1138 2210 tot
1162 2178 1343 2218 opprobriis

1010 2226 1123 2259 Sacrat
1144 2226 1179 2258 in
1204 2226 1334 2259 honore.

878 2285 938 2319 4b.
961 2284 1065 2325 Super
1089 2284 1146 2316 hos
1170 2283 1204 2315 in
1229 2283 1375 2315 manibus

960 2333 1005 2365 Et
1028 2333 1063 2364 in
1087 2332 1187 2364 saeris
1212 2331 1348 2372 pedibus

1010 2380 1110 2414 Simul
1137 2380 1348 2421 deploremus.
