1653 2632
704 155 964 191 —139—

177 248 237 282 Sa.
264 247 289 280 Ο
315 249 484 288 praeclara
509 251 654 291 societas,
866 252 923 287 8b.
946 253 1022 292 Vos,
1049 251 1186 292 patroni,
1212 260 1410 290 veneramur,

260 295 301 327 In
326 305 388 335 qua
410 300 523 337 regnat
547 298 713 337 sobrietas,
948 300 995 333 Ut
1019 299 1124 331 audiri
1144 307 1322 330 mereamur

258 341 362 375 Ferro
387 352 480 376 caesa
502 345 561 377 sed
584 346 697 378 illaesa
948 347 994 379 Et
1016 347 1049 378 in
1075 346 1161 378 coelo
1186 345 1389 385 perfruamur

307 390 421 423 Manet
444 392 600 431 patientia
996 394 1134 426 Perenni
1158 393 1289 425 laetitia.

621 460 651 492 9.
679 460 781 491 Amen
809 460 918 493 dicant
941 461 1055 493 omnia.

255 532 339 560 Miss.
367 541 419 560 ms.
442 532 674 568 Compendiense
701 541 778 561 saec.
807 532 852 561 14.
881 533 949 562 Cod.
969 535 1128 562 Parisiens.
1155 532 1188 561 17
1198 532 1263 561 317.
1284 533 1318 561 A.
1345 548 1383 552 ——-
1409 535 1493 562 Miss.

176 578 229 597 ms.
256 569 486 606 Compendiense
506 578 581 598 saec.
604 569 649 598 14.
672 570 741 598 Cod.
761 572 920 599 Parisiens.
943 570 1050 600 17318.
1070 573 1103 600 B.
1123 588 1160 592 —
1180 572 1263 599 Miss.
1283 580 1335 598 ms.
1353 571 1493 607 Compen-

176 607 283 635 ‹liense
310 616 386 635 saec.
409 606 453 635 14.
476 607 544 635 Cod.
567 608 727 636 Parisiens.
750 607 784 636 17
793 606 857 636 321.
881 608 911 636 C.
933 624 969 628 —
988 610 1058 637 Mel.
1084 621 1122 631 -=
1147 610 1236 637 Mane
1256 611 1350 645 prima
1371 609 1494 637 sabbati

176 645 234 672 BC.
260 661 299 665 -—
318 643 372 679 4a,
395 644 410 673 1
431 645 536 673 militis
558 646 593 672 A.
614 661 651 665 —
673 645 724 681 6³,
748 647 760 672 l
784 647 808 674 O
828 647 902 674 fehlt
919 647 954 674 A.

553 774 614 806 182.
654 775 698 806 De
719 783 758 807 ss.
782 775 887 807 cosma
909 776 942 807 et
959 776 1119 807 Damiano.

177 853 232 885 la.
261 852 442 894 Gratulare,
468 854 561 893 plebs
588 854 713 893 devota,
866 855 923 888 ib.
948 855 1071 887 Horum
1095 854 1176 887 fides
1202 856 1343 887 animosa

257 900 302 932 Et
328 901 464 933 decanta
488 905 594 933 mente
620 905 687 934 tota
945 902 991 934 Et
1016 903 1162 942 exempla
1189 901 1351 934 fructuosa

306 948 489 988 Martyrum
513 949 675 981 solemnia.
993 949 1082 982 Dant
1103 950 1165 981 iter
1188 950 1230 981 ad
1254 950 1418 989 perennia.

176 1005 231 1038 2a.
260 1004 330 1037 Orti
357 1005 397 1037 de
421 1005 545 1038 Arabia
866 1005 924 1039 2b.
947 1006 1081 1038 Illorum
1106 1014 1165 1045 per
1190 1005 1339 1046 suffragia

258 1051 312 1083 Ex
335 1054 438 1083 matre
457 1053 629 1085 Theodora
947 1053 998 1084 Ac
1021 1053 1076 1092 pia
1100 1053 1263 1093 rogamina

306 1099 488 1131 Virtutibus
512 1103 674 1141 ornantur,
995 1099 1189 1139 Debilesque
1214 1102 1376 1131 sanantur.

177 1156 233 1190 3a.
259 1155 310 1187 Ex
335 1156 440 1195 gratia
466 1156 574 1188 divina
866 1155 924 1189 3b.
947 1155 1082 1188 Curatur
1107 1156 1282 1195 Apolladia

262 1205 343 1235 Arte
367 1206 499 1235 utuntur
522 1203 649 1235 medica
947 1203 977 1234 A
1002 1206 1093 1242 peste
1120 1203 1242 1234 diutina

308 1251 412 1290 Opere
431 1250 598 1290 probante,
994 1250 1072 1289 Ipsa
1095 1252 1273 1281 attestante,

175 1308 233 1340 4a.
262 1306 392 1339 Cosmas
419 1305 520 1339 frater
544 1307 730 1347 indignatur
865 1308 924 1339 4b.
948 1306 1121 1338 Damianus
1147 1310 1317 1338 excusatur

307 1355 445 1393 Propter
468 1354 685 1394 Apolladiam,
995 1354 1058 1386 Per
1083 1353 1145 1385 Dei
1170 1354 1378 1386 clementiam.

176 1411 231 1444 5a.
259 1411 381 1443 Probat
406 1419 486 1442 coxa
509 1411 679 1451 Aethiopis
866 1410 923 1443 5b.
946 1410 1033 1443 Laus
1059 1410 1212 1441 salvatori
1238 1410 1370 1449 canitur,

261 1458 455 1490 Relevamen
481 1458 596 1489 debilis
946 1457 1031 1489 Dum
1052 1457 1114 1489 hoc
1137 1457 1252 1489 mirum
1279 1458 1419 1489 cernitur

305 1505 432 1537 Natura
453 1506 601 1546 mirante,
995 1505 1036 1537 Id
1062 1513 1098 1536 eo
1123 1507 1285 1545 operante.

177 1563 231 1595 6a.
259 1563 347 1602 Igne,
373 1571 456 1602 aqua
480 1562 633 1594 trucidati
866 1562 923 1595 6b.
944 1561 1108 1602 Lapidati,
1134 1560 1220 1594 ferro
1248 1562 1324 1601 dati,

305 1609 449 1642 Laudem
473 1609 543 1642 Deo
568 1610 746 1648 concinunt,
995 1609 1082 1641 Mori
1107 1610 1161 1649 qui
1187 1610 1375 1649 despiciunt.

178 1668 232 1700 73..
260 1666 394 1699 Satanas
424 1665 639 1705 confunditur,
867 1666 925 1700 ¹7b.
944 1666 1059 1705 Lysias
1085 1665 1265 1706 offenditur,

259 1713 344 1746 Dum
369 1712 489 1745 femina
513 1714 660 1746 illuditur
949 1713 1033 1745 Dum
1058 1713 1092 1744 in
1116 1714 1227 1753 poenis
1254 1714 1439 1754 despicitur,

308 1761 373 1793 Per
396 1761 497 1800 ipsius
527 1760 682 1793 fraudem.
985 1761 1049 1792 Per
1074 1763 1255 1792 sanctorum
1280 1761 1407 1793 laudem

180 1818 236 1850 Sa.
262 1817 351 1858 Ergo
376 1817 496 1849 sanctis
521 1817 748 1859 supplicemus,
868 1816 927 1851 8b.
952 1817 1164 1848 Transeamus
1190 1817 1231 1849 de
1254 1817 1316 1849 hac
1340 1818 1407 1849 vita

310 1865 357 1898 Ut
377 1873 436 1904 per
461 1873 569 1896 eorum
593 1865 708 1896 merita
997 1864 1052 1895 Ad
1077 1864 1271 1904 sempiterna
1296 1866 1422 1905 gaudia.

255 1940 338 1967 Miss.
359 1948 413 1967 ms.
436 1939 677 1975 Oldenburgense
696 1937 733 1967 35
756 1947 831 1967 saec.
855 1937 899 1967 15.
920 1953 959 1957 —
978 1936 1031 1973 31³,
1051 1936 1069 1966 3
1092 1939 1190 1974 1psam
1213 1941 1372 1967 attestante

599 2069 661 2101 183.
701 2070 744 2101 De
765 2070 871 2101 sancto
893 2068 1066 2100 Guniberto.

181 2153 238 2186 la.
261 2152 393 2184 Promat
417 2151 516 2183 verba
540 2151 722 2183 cantionum
872 2150 928 2183 lb.
951 2150 1077 2182 Laudes
1102 2153 1223 2191 pangat
1247 2151 1431 2192 Guniberto,

263 2200 394 2233 Patrem
421 2199 528 2231 colens
554 2202 586 2230 et
610 2201 781 2238 patronum
952 2199 982 2230 A
1007 2201 1142 2238 patrono
1168 2207 1324 2238 quaerens
1350 2203 1437 2232 certo

313 2247 431 2280 Inclita
457 2246 599 2287 Colonia,
1002 2247 1097 2279 Certa
1121 2246 1311 2285 patrocinia.

180 2316 239 2348 23..
266 2314 372 2347 Aulae
395 2313 481 2354 regis
506 2312 560 2344 hic
580 2312 716 2352 oblatus,
871 2312 928 2345 2b.
951 2312 1022 2345 Lux
1045 2313 1181 2352 sopitum
1207 2312 1418 2346 circumfulsit

263 2362 345 2403 Regi
369 2361 471 2394 servit
494 2361 564 2394 Deo
589 2363 698 2401 gratus
953 2360 1042 2401 Rege
1066 2363 1158 2402 teste,
1184 2370 1258 2393 mox
1282 2361 1415 2394 indulsit

313 2411 398 2444 Puer
423 2409 503 2441 clari
528 2409 672 2450 generis,
1002 2408 1100 2441 Sacer
1129 2409 1229 2441 sacris
1254 2409 1381 2444 litteris.
