1653 2632
666 129 927 164 —141—

137 217 193 249 22.
219 216 314 250 Hanc
339 219 435 261 elegit
459 222 509 254 vir
532 222 672 256 famosus
828 226 885 259 2b.
906 227 1104 260 Athenarum
1129 230 1207 263 civis
1230 234 1334 271 primo

221 265 400 299 Pretiosam
425 269 584 309 pretiosus
910 274 1040 306 Sursum
1065 276 1174 309 levans
1201 287 1255 310 cor
1280 279 1319 311 ab
1345 280 1408 312 imo

267 312 396 354 Martyr
420 316 604 360 Dionysius,
955 322 1076 355 Doctor
1099 323 1137 355 fit
1161 325 1302 358 eximius.

136 370 193 402 32.
220 368 307 401 Dum
331 375 467 412 vagatur
492 376 524 405 et
547 375 681 407 miratur
826 377 885 410 3b.
910 378 1035 411 Docens
1060 389 1168 421 unum,
1196 382 1249 421 qui
1274 391 1440 427 supernus,

219 416 283 449 Vas
310 418 445 451 electum
471 421 589 453 cultum
614 426 734 454 rectum
908 425 1140 469 Temporalem,
1167 429 1221 468 qui
1245 433 1403 471 aeternus,

268 464 333 497 Sub
357 466 459 507 ignoti
483 470 610 501 nomine
956 473 1059 505 Deum
1083 477 1201 507 tectum
1223 476 1359 509 homine.

134 522 192 555 4a.
219 521 332 563 Audit,
360 524 472 565 credit,
499 524 681 565 baptizatur
824 528 883 561 4b.
906 528 1047 562 Verbum
1069 532 1171 563 crucis
1196 534 1405 575 amplexatur,

215 568 414 611 Areopagus,
440 574 576 604 testatur
907 577 1012 608 Stulta
1035 579 1146 611 mundi
1171 583 1341 613 veneratur

267 616 329 648 Dei
349 618 528 662 mirabilia3
955 623 1078 656 Graeca
1102 626 1269 666 sapientia.

134 673 190 705 5a.
217 673 295 705 Post
320 673 362 705 ad
387 677 497 715 gentes
524 675 700 707 destinatus
825 678 883 713 5b.
909 679 987 712 Cum
1014 690 1052 713 ex
1077 683 1167 716 sulca
1192 692 1281 724 seges
1306 686 1407 717 multa

216 719 316 751 Verbi
341 720 427 753 vitae
451 722 501 754 vir
525 722 636 754 beatus
907 727 1105 761 Surrexisset
1129 733 1161 761 et
1186 732 1339 763 crevisset

260 766 474 807 Dispersurus
499 770 630 810 semina,
950 775 989 807 In
1012 776 1164 808 virtutum
1189 779 1340 819 germina,

132 822 188 856 6a.
216 822 391 856 Malleator
415 827 522 858 terrae
546 835 680 867 nequam
822 829 884 863 6b.
907 830 1020 863 Lictor
1042 834 1144 865 saevit
1168 843 1227 866 nec
1251 836 1380 875 quievit,

214 870 438 910 Tyrannorum
460 876 598 905 mentem
624 882 750 906 caecam
900 877 1011 910 Donec
1036 876 1187 912 'sanctum
1212 884 1447 922 tormentatum,

212 918 366 950 Fremens
393 920 514 961 curbat,
540 924 577 952 ut
594 925 761 962 consurgat
902 926 981 957 Post
1004 929 1161 959 tormenta
1188 928 1379 961 decollatum

261 964 395 997 Solitam
418 967 452 999 in
476 968 607 1000 rabiem.
948 972 1138 1006 Transmisit
1157 975 1199 1007 ad
1223 977 1373 1015 requiem.

132 1020 187 1052 7a.
216 1020 241 1053 O
267 1030 319 1053 res
344 1031 436 1065 nova,
465 1023 640 1056 decollatus
820 1027 877 1060 7b.
900 1028 1019 1060 Terrae
1045 1038 1158 1069 corpus
1186 1033 1436 1076 commendatur,

213 1067 348 1100 Caesum
374 1073 470 1109 caput
492 1070 561 1103 Deo
587 1074 696 1111 gratus
900 1075 1011 1107 Mente
1036 1078 1123 1109 coelo
1150 1079 1322 1111 collocatur

260 1116 385 1148 Sanctis
412 1115 518 1149 defert
541 1118 697 1161 manibuS,
949 1121 1085 1155 Divinus
1110 1124 1285 1166 theologus.

129 1170 187 1203 Sa.
213 1169 342 1211 Martyr
365 1171 437 1212 Dei,
461 1173 607 1217 Dionysi,
819 1176 878 1210 8b.
900 1177 946 1209 Et
969 1184 1023 1218 qui
1046 1180 1164 1211 nostris
1190 1181 1235 1213 nil
1261 1183 1403 1215 valemus

211 1217 326 1250 Portas
351 1220 458 1259 pande
481 1221 624 1259 paradisi
901 1225 993 1257 Freti
1017 1227 1080 1257 tuis
1104 1227 1292 1267 adjuvemur

261 1265 335 1297 Tibi
360 1267 625 1308 supplicantibus,
948 1271 1076 1304 Meritis
1102 1277 1135 1304 et
1157 1275 1317 1313 precibus.

203 1349 286 1376 Miss.
307 1358 361 1377 ms.
382 1349 611 1379 Schiiftlariense
631 1354 701 1380 anni
723 1351 807 1381 1452.
829 1355 902 1382 Clm.
925 1356 1095 1384 Monacens.
1118 1356 1152 1385 17
1161 1356 1225 1386 021.
1247 1359 1281 1386 A.
1361 1362 1445 1389 Miss.

127 1394 180 1413 ms.
196 1385 427 1415 Seh'aftlariense
447 1390 516 1416 anni
541 1388 623 1417 1464.
640 1390 711 1417 Clm.
729 1391 899 1420 Monacens.
922 1392 955 1421 17
964 1392 1028 1422 018.
1042 1395 1075 1422 B.
1097 1410 1133 1415 —
1155 1395 1241 1424 Grad.
1262 1406 1316 1425 ms,
1332 1398 1445 1426 Schiift-

126 1424 254 1490 gr}{ss{5
266 1433 352 1491 jaff&
374 1425 418 1454 15.
435 1425 506 1453 Clm.
520 1427 689 1456 Monacens.
710 1427 747 1456 23
755 1427 820 1457 026.
836 1430 866 1457 O.
886 1447 925 1451 —
946 1430 996 1466 61),
1021 1430 1034 1459 1
1051 1433 1164 1461 Doetor
1184 1442 1220 1461 sa·
1238 1436 1286 1462 vit.
1303 1451 1335 1454 —
1355 1435 1372 1463 7
1384 1445 1409 1472 a,
1428 1436 1442 1464 1

559 1605 619 1636 186.
659 1604 703 1637 De
723 1607 831 1638 sancto
852 1607 1007 1647 Dionysio.

583 1686 614 1720 1.
641 1686 783 1727 Superae
807 1688 992 1721 harmoniae

641 1737 764 1766 vastam
787 1735 956 1775 gubernati

642 1782 805 1821 musicam,

127 1845 183 1876 2a.
210 1843 349 1876 Tonanti
819 1847 876 1881 2b.
897 1848 1029 1889 Largita

210 1893 357 1924 creatura
897 1896 948 1927 cui
974 1897 1071 1938 digna

208 1939 321 1971 laudes
348 1939 516 1979 depromat
897 1946 971 1975 sunt
994 1945 1127 1979 rationis

207 1986 346 2029 inclitas,
895 1999 1037 2025 munera.

124 2054 182 2088 3a.
208 2052 303 2085 Nunc
328 2062 403 2094 ergo
426 2054 601 2094 psallamus
816 2057 874 2091 3b.
896 2059 1005 2099 Atque
1029 2069 1091 2093 vox
1117 2070 1233 2095 canora

208 2101 317 2133 dulcia
899 2111 1067 2147 componat

205 2148 427 2181 modificantes
451 2153 631 2191 pneumata,
898 2154 1079 2194 rhythmica
1098 2158 1227 2190 tandem
1253 2158 1383 2195 famina.

122 2217 180 2250 4a.
205 2215 251 2249 Et
274 2215 423 2256 quoniam
448 2225 567 2257 organa
813 2218 874 2253 4b.
897 2220 1041 2254 Christus
1066 2223 1106 2255 ab
1132 2234 1206 2257 arce
1231 2226 1320 2260 clara

209 2266 363 2297 resonant
898 2269 1005 2308 capiat

205 2312 428 2354 symphoniam
453 2312 587 2353 tinnula,
898 2319 973 2349 vota
999 2319 1105 2351 cordis
1130 2320 1252 2356 intima.
