1653 2632
124 231 178 266 2a.
203 238 299 281 Vigor
805 258 863 291 21).
886 259 994 300 Panis,

203 284 291 331 lucis,
318 304 431 329 aevum
455 302 619 344 temporis,
886 315 947 347 quo
972 307 1074 348 gregis
1098 307 1229 348 angelici

204 339 312 371 mundi
884 354 997 386 vivunt

200 382 324 419 mobflis
345 398 404 422 rex
428 393 564 437 stabfliS,
887 401 970 434 cives
995 402 1170 444 theologici,

118 429 174 463 43·
201 434 245 469 Ut
271 441 435 484 dragmam
460 451 638 489 requireret
802 457 861 490 4b.
883 459 930 491 Ut
954 467 1043 491 ovem
1067 459 1235 493 redimeret

201 482 365 531 decimam,
884 506 1054 547 perditam,

196 528 377 568 Lucernam
401 540 559 581 accendit,
883 553 999 585 Pastor
1022 554 1122 586 bonus
1145 553 1182 587 fit
1206 565 1312 597 agnUS‚

195 578 438 615 tabernaculum
883 600 950 632 ovis
975 601 1116 642 virginis

194 623 226 657 in
252 628 321 659 sole
344 631 462 671 posuit,
881 655 933 679 ros
959 648 1080 689 absque
1102 650 1223 683 macula

191 673 325 713 prodiit,
882 694 1020 738 velleris,

192 726 254 756 quo
280 718 409 753 flamma
433 724 484 755 sui
509 727 623 760 caloris
882 748 942 779 quo
966 743 1090 781 primae
1118 754 1176 778 nos
1200 745 1292 786 bysso
1317 747 1414 780 stolae

191 766 276 797 testa
300 767 487 803 duresceret
881 789 917 817 ut
939 797 1088 828 sponsam
1113 793 1262 826 revestiat

190 811 340 848 hominis.
881 833 1011 872 gloriae.

106 868 162 900 5a.
190 868 234 901 Se
256 871 350 904 nobis
375 874 529 913 pabulum
799 885 856 919 5b.
878 888 916 920 In
940 888 1013 923 favo
1040 897 1088 925 est
1110 896 1173 928 mel

186 919 344 963 parvuliS,
367 924 490 964 potum,
880 935 1123 973 hominis-verbi

186 965 248 1007 lac,
275 966 429 1009 butyrum
453 972 612 1011 praebens
638 978 671 1007 et
878 982 912 1014 in
936 993 1051 1018 manna
1074 987 1261 1024 Emmanuel

185 1014 326 1047 solidum
352 1017 467 1051 cibum.
877 1030 979 1063 Israel
1003 1035 1080 1065 veri.

100 1069 158 1102 6a.
186 1070 327 1104 Gustent
349 1074 445 1107 Adae
469 1075 528 1109 filii
795 1083 852 1118 6b.
877 1086 972 1120 Virus
997 1094 1124 1123 vomant
1148 1095 1279 1138 colubri,

182 1118 268 1151 hunc
292 1129 423 1154 suavem
876 1134 1058 1169 desiderent

181 1166 312 1207 adipem
337 1170 447 1215 tritici,
873 1179 992 1214 fontem
1017 1185 1123 1218 vivum
1149 1190 1235 1221 cervi

181 1213 389 1250 benedictum
413 1220 542 1253 seminis
870 1231 1026 1268 serpentis
1052 1235 1196 1268 antidoto

178 1262 335 1297 Abrahae
359 1275 502 1307 granum.
867 1277 958 1308 aenei
982 1278 1105 1314 hausto.

95 1319 114 1352 7
122 1328 151 1353 a.
179 1320 204 1353 O
230 1323 338 1362 magni
786 1329 841 1361 7b.
864 1331 935 1363 Rex
958 1334 1023 1373 pie,

178 1369 304 1401 consilii
329 1371 469 1410 angelus
864 1387 921 1411 nos
948 1381 1051 1423 dirige
1074 1385 1108 1416 in
1132 1390 1212 1430 arta,

177 1425 195 1448 o
219 1425 294 1459 pax,
324 1426 342 1448 o
369 1418 497 1457 veritas,
864 1434 926 1465 qua
952 1431 1097 1472 cursitas,
1124 1434 1186 1475 via,

174 1463 216 1495 acl
241 1472 397 1503 gemmam
419 1464 453 1495 in
480 1472 577 1497 caeno
599 1467 688 1499 venis
861 1473 959 1515 gigas,
988 1477 1063 1518 vita,
1089 1478 1147 1513 flos
1174 1482 1214 1515 de
1238 1484 1330 1527 virga

174 1520 191 1543 e
215 1511 312 1543 coelo.
859 1520 974 1556 Maria.

164 1595 251 1624 Grad.
276 1602 330 1621 ms·
356 1594 453 1621 Palat-
485 1595 708 1627 Vindobonens·
733 1609 810 1631 saec.
833 1601 878 1633 11.
904 1606 970 1634 add.
998 1616 1073 1637 saec.
1097 1610 1140 1639 12.
1161 1629 1199 1634 —
1219 1613 1271 1651 412,
1293 1615 1311 1646 3
1331 1628 1359 1647 u.
1383 1618 1402 1649 8

87 1635 154 1663 eine
173 1634 256 1662 Silbe
274 1631 356 1659 mehr
375 1631 419 1659 als
440 1631 488 1660 die
508 1632 692 1671 Gegenzeile.

551 1765 578 1797 8.
617 1766 653 1799 In
672 1768 848 1805 Nativitate
865 1774 922 1807 DN.

83 1858 136 1890 la.
163 1851 273 1887 Infans
297 1849 429 1882 verbum
449 1851 659 1900 incarnatum,
766 1861 823 1895 1b.
846 1862 974 1904 Expers
997 1869 1086 1908 paris
1113 1879 1152 1903 en
1179 1872 1235 1905 dat
1256 1876 1390 1920 prolem,

161 1902 251 1933 Intra
276 1906 403 1929 carnem
426 1898 613 1942 breviatum,
847 1910 950 1945 Stella
969 1916 1067 1948 maris
1091 1918 1218 1958 profert,
1241 1924 1349 1966 solem,

161 1946 273 1981 Cordis
297 1945 450 1978 chordam
477 1948 542 1981 oris
567 1948 669 1984 fatum
845 1958 1019 2001 Virginalis
1043 1964 1099 1998 lux
1123 1968 1327 2007 splendorem

204 1993 322 2033 Tangit
344 1993 449 2026 laudis
468 1995 582 2035 jubi10.
890 2008 984 2049 Tegit
1007 2013 1112 2045 carnis
1135 2016 1254 2050 nubilo.

77 2059 132 2091 Za.
156 2053 284 2093 Signum
301 2059 419 2091 rarum,
437 2054 559 2092 grande
573 2056 699 2100 mirum,
759 2061 817 2096 2b.
839 2064 938 2106 Virgo
962 2076 1080 2107 parens
1104 2074 1219 2111 pandit
1243 2078 1362 2121 typum,

157 2101 251 2139 Virgo
276 2107 410 2137 gnarum
434 2101 535 2134 ambit
556 2103 670 2147 virum,
839 2112 940 2154 Virga
964 2124 1057 2149 arens
1081 2119 1207 2159 profert
1228 2124 1333 2167 ritum,

158 2148 232 2182 Cum
244 2146 445 2185 praeclarum
456 2149 697 2193 clauditgyrum
838 2159 925 2193 Rore
950 2171 1059 2197 carens
1087 2167 1160 2200 dum
1186 2171 1243 2204 dat
1265 2174 1361 2209 situm

199 2192 288 2226 Finis
315 2196 347 2224 et
370 2195 530 2237 principii.
887 2209 1063 2245 Prodeunti
1087 2218 1229 2255 germini.

75 2260 126 2293 33„
153 2252 255 2285 Solem
281 2250 400 2289 gradus
426 2252 525 2287 denus
549 2255 658 2299 flectit,
752 2262 810 2296 3b.
832 2265 946 2299 Madet
970 2269 1072 2303 vellus
1098 2275 1178 2307 coeli
1200 2287 1284 2323 rore,

147 2300 230 2334 Dum
255 2297 401 2331 humatus
425 2309 524 2341 genus
548 2307 650 2339 nectit,
831 2314 915 2346 Aret
936 2316 1032 2350 tellus
1055 2321 1136 2354 miro
1160 2333 1258 2368 more,

148 2348 259 2381 Secum
283 2344 371 2378 Deus
395 2356 434 2380 ac
458 2355 627 2392 compectit
832 2361 946 2395 Tumet
968 2365 1058 2400 alvus
1083 2379 1165 2404 nova
1188 2375 1290 2417 prole,

191 2393 351 2434 Hymnum
377 2398 408 2427 et
433 2398 591 2436 eximium.
878 2410 1004 2446 Gaudet
1028 2416 1117 2458 virgo
1142 2421 1309 2463 virginum.
