1653 2632
185 209 240 241 4a.
267 206 402 238 Domum
419 204 532 244 patrie,
550 203 651 234 solum
663 200 785 238 matriS,

186 314 240 345 53.
267 310 312 343 Et
336 311 518 341 cunctorum
542 308 610 347 jam
631 307 788 346 justorum

188 417 206 449 6
214 425 242 448 a.
268 415 367 454 Fugit
375 413 527 445 mundum
536 414 571 443 ut
581 409 786 448 immundum,

191 522 235 553 73

188 626 242 658 Sa.

192 918 247 950 9a.

168 1117 250 1149 103.

170 1316 249 1349 113.

172 1839 229 1872 13.

173 2040 229 2071 23.

683 104 948 139 —122—

312 253 377 285 Res
401 251 532 291 reliquit
555 250 687 290 patrias,

316 357 447 389 Habens
471 356 505 387 in
529 363 563 386 se
588 354 743 394 spiritum,

315 460 432 494 Mundi
456 458 538 500 fugit
562 466 669 497 opera,

239 545 246 552 .
272 518 469 556 Reluctatur,
497 524 567 546 cum
591 516 765 553 temptatur

318 565 397 596 Post
418 563 558 595 volatum
580 562 730 599 merulae,

269 622 333 654 Hic
366 621 558 653 Germanum
584 618 768 657 Capuanum

319 670 524 701 Promeretur
549 674 689 705 cernere,

271 716 349 749 Cum
374 718 467 747 exuto
494 714 597 746 carnis
621 716 710 744 scuto

317 763 446 796 Coelum
469 761 596 794 scandit
622 760 743 799 libere;

271 812 368 844 Pater
392 813 501 841 natum
526 808 712 840 suscitatum

319 857 459 897 Suscipit
485 857 525 888 de
549 854 669 887 funere.

273 918 303 948 A
327 913 481 955 profanis,
508 913 547 945 ab
572 913 693 944 insanis

322 963 417 994 Virus
441 962 514 993 vino
537 960 691 1000 jungitur,

273 1011 339 1043 Vas
364 1010 506 1050 signatur
530 1011 559 1039 et
585 1010 762 1049 quassatur,

321 1057 442 1097 Liquor
466 1056 553 1088 humi
578 1054 734 1087 funditur.

276 1115 361 1147 Dum
386 1116 507 1145 attente
530 1115 599 1144 tota
622 1115 728 1144 mente

323 1161 405 1194 Solis
431 1163 556 1201 spectat
580 1160 715 1199 oculum,

274 1210 416 1242 Mundus
440 1211 526 1240 totus
552 1210 600 1239 est
625 1207 771 1239 admotus

321 1257 400 1296 Ejus
425 1257 466 1288 ad
491 1255 717 1295 spectaculum.

276 1315 301 1347 O
329 1311 490 1346 confessor
516 1315 547 1343 et
572 1320 737 1343 consessor

322 1361 538 1400 Supernorum
564 1359 689 1400 civium,

276 1409 363 1441 Audi
387 1410 462 1440 vota
487 1409 593 1438 mente
616 1409 684 1439 tota

323 1455 396 1488 Tibi
419 1455 676 1494 supplicantium,

868 200 927 233 4b.

871 303 929 336 5b.

871 407 928 442 6b.

872 512 930 545 7b.

872 617 929 650 8b.

874 912 932 946 910.

852 1111 933 1145 1012.

949 199 1059 231 Sciens
1083 206 1159 229 vere
1185 197 1342 230 dissidere

999 245 1157 279 Christum
1183 247 1215 275 et
1240 244 1377 276 divitias.

950 302 997 335 Ut
1020 304 1180 341 sequatur,
1206 302 1392 340 assequatur

1000 348 1171 388 Christum,
1196 350 1299 380 mutat
1317 346 1470 379 habitum.

950 406 1095 438 Eremita
1117 404 1163 445 fit,
1188 408 1224 436 ut
1249 405 1315 437 vita

998 453 1096 485 Vivat
1118 452 1219 493 magis
1244 460 1367 491 aspera.

952 512 1050 551 Quem
1075 508 1248 550 confligunt
1270 511 1302 540 et
1326 505 1473 547 affligunt

1001 558 1123 598 Vepres
1150 560 1181 589 et
1204 556 1370 588 urticulae.

950 616 1088 648 Tumens
1112 614 1200 646 unda
1224 611 1420 645 transeunda

1001 663 1096 696 Fidei
1120 661 1251 702 remigio

953 712 1067 744 Mauro
1094 710 1188 748 cedit,
1217 709 1291 741 dum
1316 706 1426 740 obedit:

1002 758 1148 791 Jubentis
1172 756 1305 796 imperio

954 807 999 839 Et
1023 806 1065 837 ad
1083 807 1208 845 patrem
1224 803 1324 835 trahit
1341 801 1474 834 fratrem

1002 854 1142 893 Raptum
1169 852 1208 883 de
1232 849 1408 890 naufragia

955 911 1090 943 Sanctus
1108 908 1226 940 ferrum
1237 907 1328 939 audit
1338 915 1473 938 mersum

1003 957 1129 990 Securis
1151 956 1185 987 in
1206 954 1313 993 fluvio,

957 1006 1023 1045 Quo
1048 1007 1201 1044 precante
1224 1005 1289 1034 stat
1312 1004 1348 1033 ut
1372 1002 1446 1032 ante

1005 1054 1140 1085 Ferrum
1164 1051 1198 1082 in
1222 1048 1399 1081 manubrio.

955 1110 1098 1143 Tandem
1123 1116 1252 1148 pressus
1278 1110 1308 1138 et
1334 1104 1478 1138 defessus

1005 1157 1157 1189 Febrium
1181 1154 1326 1195 angustia

957 1204 1057 1237 Morti
1084 1203 1170 1235 cedit,
1194 1206 1226 1234 et
1252 1201 1389 1240 decedit,

1005 1252 1128 1292 Migrat
1151 1250 1193 1282 ad
1219 1248 1377 1281 coelestia.

854 1311 895 1344 11
903 1310 935 1343 b.
955 1310 1000 1342 Et
1016 1309 1057 1341 ad
1068 1308 1229 1342 Christum
1243 1306 1371 1338 chorum
1383 1305 1480 1336 istum

1007 1357 1109 1389 Tersa
1132 1355 1206 1387 labe
1231 1354 1397 1386 criminum

960 1406 1040 1438 Post
1054 1402 1232 1444 praesentis
1249 1410 1313 1433 non
1324 1399 1479 1432 manentis

1007 1452 1102 1484 Vitae
1125 1449 1249 1482 tranfer
1273 1448 1455 1481 terminum.

243 1523 327 1550 Mist.
353 1530 406 1548 mS.
437 1520 668 1556 Compendiense
694 1528 769 1547 saec.
797 1518 841 1547 14.
868 1519 938 1547 Cod.
964 1518 1124 1546 Parisiens.
1153 1515 1186 1544 17
1196 1513 1252 1544 318
1278 1515 1312 1542 A.
1341 1530 1379 1534 —-
1397 1513 1481 1540 Miss.

168 1570 212 1589 ms
254 1559 481 1596 Compendiense
509 1567 583 1586 saec.
611 1556 655 1586 14.
683 1557 752 1585 Corl.
778 1558 937 1586 Parisiens.
966 1555 1001 1583 17
1010 1554 1064 1584 321
1091 1556 1129 1589 133
1161 1554 1246 1583 beide
1273 1555 1327 1581 mit
1349 1552 1418 1580 Mel.
1445 1565 1481 1570 —

169 1600 226 1634 7b,
254 1597 272 1626 2
301 1597 458 1626 verticulac
490 1597 524 1624 A.
554 1612 592 1616 —
622 1597 680 1629 Sa,
701 1594 718 1624 3
749 1598 884 1624 erwartet
902 1604 971 1623 man
995 1595 1091 1622 carnis
1112 1594 1191 1625 lutc;
1216 1592 1255 1620 da
1273 1591 1360 1620 beide
1379 1589 1480 1617 Hand-

170 1637 310 1666 50h1·iften
337 1638 418 1663 scuto
446 1636 545 1663 bieten
569 1635 630 1662 und
656 1634 717 1662 (lies
745 1634 901 1662 immerhin
926 1635 1012 1661 einen
1032 1632 1106 1660 Sinn
1125 1631 1248 1666 zuliilbt,
1275 1631 1316 1658 ist
1335 1630 1383 1657 die
1401 1628 1481 1655 Kon-

165 1676 266 1711 jektur
285 1672 430 1709 vorliiufig
451 1674 645 1701 abzuweisen.

587 1765 649 1797 158.
689 1764 735 1797 De
754 1766 861 1796 sancto
881 1762 1058 1795 Benedicto.

254 1837 422 1870 Benedicti
448 1837 563 1869 merita

252 1885 298 1918 Ut
322 1884 434 1917 reboet
455 1884 567 1916 inclita

254 1933 350 1971 Laus,
375 1936 411 1965 tu
434 1935 556 1964 mentes
582 1931 686 1963 excita

301 1981 403 2013 Prece
426 1980 491 2020 pia.

256 2038 305 2069 Tu
329 2037 463 2069 Henoch
489 2035 667 2076 dulcedine,

255 2085 304 2116 Tu
326 2084 396 2116 Noe
421 2083 583 2124 regimine,

255 2131 420 2164 Abraham
446 2140 515 2162 cum
541 2130 660 2161 semine

303 2179 507 2211 Benedictus.

223 2262 230 2269 .
256 2237 386 2276 Moyses
410 2245 443 2267 es
468 2235 595 2276 regulis,

256 2285 353 2317 Josue
376 2283 537 2315 miraculis

256 2331 301 2363 Et
324 2330 432 2363 David
456 2331 491 2362 in
515 2328 642 2369 populis

304 2378 502 2411 Nominatus

859 1835 915 1867 1b.
939 1834 1090 1867 Patribus
1116 1842 1186 1865 cum
1210 1831 1323 1863 ceteris

940 1882 1037 1914 Pater
1062 1889 1136 1913 vere
1162 1880 1288 1919 diceris,

940 1929 1016 1962 Tuis
1040 1929 1133 1961 datus
1155 1927 1292 1968 posteris

986 1976 1058 2008 Lux
1081 1980 1114 2007 et
1135 1975 1199 2008 via.

857 2033 917 2067 2b.
938 2034 1032 2066 Isaac
1054 2032 1217 2072 obediens,

941 2080 1041 2114 Jacob
1067 2080 1168 2113 multa
1193 2079 1377 2119 praesciens

938 2128 983 2160 Et
1002 2127 1121 2168 Joseph
1147 2126 1316 2167 proficiens

987 2175 1071 2207 Vere
1096 2175 1209 2207 dictus.

860 2231 920 2265 3b.
942 2231 1091 2264 Salomon
1115 2231 1297 2272 prudentia,

940 2279 1031 2311 Elias
1057 2278 1244 2318 constantia,

941 2327 1088 2359 Elisaeus
1113 2326 1204 2366 copia

989 2374 1083 2406 Faris
1111 2374 1213 2406 datus.
