<?xml version="1.0" encoding="UTF-8"?>
<!DOCTYPE html PUBLIC "-//W3C//DTD XHTML 1.0 Transitional//EN"
    "http://www.w3.org/TR/xhtml1/DTD/xhtml1-transitional.dtd">
<html xmlns="http://www.w3.org/1999/xhtml" xml:lang="en" lang="en">
 <head>
  <title>
</title>
<meta http-equiv="Content-Type" content="text/html;charset=utf-8" />
  <meta name='ocr-system' content='tesseract 3.04.00' />
  <meta name='ocr-capabilities' content='ocr_page ocr_carea ocr_par ocr_line ocrx_word'/>
</head>
<body>
  <div class='ocr_page' id='page_1' title='image "./analectahymnica09drevuoft_00134.png"; bbox 0 0 1653 2632; ppageno 0'>
   <div class='ocr_carea' id='block_1_1' title="bbox 713 150 975 186">
    <p class='ocr_par' dir='ltr' id='par_1_1' title="bbox 713 150 975 186">
     <span class='ocr_line' id='line_1_1' title="bbox 713 150 975 186; baseline 0.015 -3"><span class='ocrx_word' id='word_1_1' title='bbox 713 150 975 186; x_wconf 84' lang='lat'><strong>—133—</strong></span> 
     </span>
    </p>
   </div>
   <div class='ocr_carea' id='block_1_2' title="bbox 584 238 1105 285">
    <p class='ocr_par' dir='ltr' id='par_1_2' title="bbox 584 238 1105 285">
     <span class='ocr_line' id='line_1_2' title="bbox 584 238 1105 285; baseline 0.019 -17"><span class='ocrx_word' id='word_1_2' title='bbox 584 238 644 269; x_wconf 89' lang='grc'><strong>174.</strong></span> <span class='ocrx_word' id='word_1_3' title='bbox 686 239 731 271; x_wconf 85' lang='lat' dir='ltr'><strong>De</strong></span> <span class='ocrx_word' id='word_1_4' title='bbox 749 243 857 274; x_wconf 82' lang='lat' dir='ltr'><strong>sancto</strong></span> <span class='ocrx_word' id='word_1_5' title='bbox 878 243 1105 285; x_wconf 77' lang='lat' dir='ltr'><strong>christophoro.</strong></span> 
     </span>
    </p>
   </div>
   <div class='ocr_carea' id='block_1_3' title="bbox 213 285 756 334">
    <p class='ocr_par' dir='ltr' id='par_1_3' title="bbox 213 285 756 334">
     <span class='ocr_line' id='line_1_3' title="bbox 213 285 756 334; baseline 0.018 -16"><span class='ocrx_word' id='word_1_6' title='bbox 213 285 267 319; x_wconf 82' lang='lat' dir='ltr'><strong>la.</strong></span> <span class='ocrx_word' id='word_1_7' title='bbox 294 286 477 323; x_wconf 86' lang='lat' dir='ltr'><strong>Adoremus</strong></span> <span class='ocrx_word' id='word_1_8' title='bbox 504 292 605 324; x_wconf 88' lang='lat' dir='ltr'><strong>Deum</strong></span> <span class='ocrx_word' id='word_1_9' title='bbox 630 293 756 334; x_wconf 83' lang='lat' dir='ltr'><strong>fortem,</strong></span> 
     </span>
    </p>
   </div>
   <div class='ocr_carea' id='block_1_4' title="bbox 295 335 817 424">
    <p class='ocr_par' dir='ltr' id='par_1_4' title="bbox 295 335 817 424">
     <span class='ocr_line' id='line_1_4' title="bbox 295 335 817 379; baseline 0.019 -12"><span class='ocrx_word' id='word_1_10' title='bbox 295 335 354 375; x_wconf 76' lang='lat' dir='ltr'><strong>Qui</strong></span> <span class='ocrx_word' id='word_1_11' title='bbox 366 337 630 379; x_wconf 85' lang='lat' dir='ltr'><strong>Christophorum</strong></span> <span class='ocrx_word' id='word_1_12' title='bbox 640 347 817 376; x_wconf 84' lang='lat' dir='ltr'><strong>consortem</strong></span> 
     </span>
     <span class='ocr_line' id='line_1_5' title="bbox 343 385 800 424; baseline 0.018 -8"><span class='ocrx_word' id='word_1_13' title='bbox 343 385 437 417; x_wconf 87' lang='lat' dir='ltr'><strong>Fecit</strong></span> <span class='ocrx_word' id='word_1_14' title='bbox 463 387 622 420; x_wconf 87' lang='lat' dir='ltr'><strong>coelorum</strong></span> <span class='ocrx_word' id='word_1_15' title='bbox 647 391 800 424; x_wconf 81' lang='lat' dir='ltr'><strong>coetibuS.</strong></span> 
     </span>
    </p>
   </div>
   <div class='ocr_carea' id='block_1_5' title="bbox 211 437 757 580">
    <p class='ocr_par' dir='ltr' id='par_1_5' title="bbox 211 437 757 580">
     <span class='ocr_line' id='line_1_6' title="bbox 211 437 735 480; baseline 0.015 -9"><span class='ocrx_word' id='word_1_16' title='bbox 211 440 268 471; x_wconf 82' lang='lat' dir='ltr'><strong>2a.</strong></span> <span class='ocrx_word' id='word_1_17' title='bbox 298 437 393 480; x_wconf 82' lang='lat' dir='ltr'><strong>cujus</strong></span> <span class='ocrx_word' id='word_1_18' title='bbox 420 442 494 474; x_wconf 90' lang='lat' dir='ltr'><strong>dum</strong></span> <span class='ocrx_word' id='word_1_19' title='bbox 521 445 735 478; x_wconf 86' lang='lat' dir='ltr'><strong>consideravit</strong></span> 
     </span>
     <span class='ocr_line' id='line_1_7' title="bbox 293 487 738 531; baseline 0.016 -12"><span class='ocrx_word' id='word_1_20' title='bbox 293 487 458 531; x_wconf 84' lang='lat' dir='ltr'><strong>Pavorem,</strong></span> <span class='ocrx_word' id='word_1_21' title='bbox 486 491 570 530; x_wconf 90' lang='lat' dir='ltr'><strong>quod</strong></span> <span class='ocrx_word' id='word_1_22' title='bbox 597 492 738 526; x_wconf 81' lang='lat' dir='ltr'><strong>deviavit</strong></span> 
     </span>
     <span class='ocr_line' id='line_1_8' title="bbox 340 535 757 580; baseline 0.014 -13"><span class='ocrx_word' id='word_1_23' title='bbox 340 535 468 576; x_wconf 86' lang='lat' dir='ltr'>Signum</span> <span class='ocrx_word' id='word_1_24' title='bbox 496 539 597 570; x_wconf 87' lang='lat' dir='ltr'><strong>crucis</strong></span> <span class='ocrx_word' id='word_1_25' title='bbox 623 538 757 580; x_wconf 75' lang='lat' dir='ltr'>fugiens,</span> 
     </span>
    </p>
   </div>
   <div class='ocr_carea' id='block_1_6' title="bbox 207 588 731 732">
    <p class='ocr_par' dir='ltr' id='par_1_6' title="bbox 207 588 731 732">
     <span class='ocr_line' id='line_1_9' title="bbox 207 588 731 638; baseline 0.01 -14"><span class='ocrx_word' id='word_1_26' title='bbox 207 592 268 624; x_wconf 86' lang='lat' dir='ltr'><strong>3a.</strong></span> <span class='ocrx_word' id='word_1_27' title='bbox 295 588 453 625; x_wconf 85' lang='lat' dir='ltr'><strong>Eruditus</strong></span> <span class='ocrx_word' id='word_1_28' title='bbox 478 593 574 626; x_wconf 89' lang='lat' dir='ltr'><strong>fidem</strong></span> <span class='ocrx_word' id='word_1_29' title='bbox 601 595 731 638; x_wconf 85' lang='lat' dir='ltr'><strong>Christi,</strong></span> 
     </span>
     <span class='ocr_line' id='line_1_10' title="bbox 294 639 685 684; baseline 0.015 -15"><span class='ocrx_word' id='word_1_30' title='bbox 294 639 440 678; x_wconf 75' lang='lat' dir='ltr'><strong>Qualiter</strong></span> <span class='ocrx_word' id='word_1_31' title='bbox 464 642 599 674; x_wconf 80' lang='lat' dir='ltr'><strong>serviret</strong></span> <span class='ocrx_word' id='word_1_32' title='bbox 622 643 685 684; x_wconf 88' lang='lat' dir='ltr'><strong>isti,</strong></span> 
     </span>
     <span class='ocr_line' id='line_1_11' title="bbox 341 687 725 732; baseline 0.013 -14"><span class='ocrx_word' id='word_1_33' title='bbox 341 687 519 727; x_wconf 85' lang='lat' dir='ltr'><strong>Complevit</strong></span> <span class='ocrx_word' id='word_1_34' title='bbox 544 692 576 721; x_wconf 85' lang='lat' dir='ltr'><strong>et</strong></span> <span class='ocrx_word' id='word_1_35' title='bbox 601 690 725 732; x_wconf 75' lang='lat' dir='ltr'><strong>docuit3</strong></span> 
     </span>
    </p>
   </div>
   <div class='ocr_carea' id='block_1_7' title="bbox 204 738 775 883">
    <p class='ocr_par' dir='ltr' id='par_1_7' title="bbox 204 738 775 883">
     <span class='ocr_line' id='line_1_12' title="bbox 204 738 775 789; baseline 0.012 -15"><span class='ocrx_word' id='word_1_36' title='bbox 204 743 263 774; x_wconf 86' lang='lat' dir='ltr'><strong>4a.</strong></span> <span class='ocrx_word' id='word_1_37' title='bbox 294 738 416 776; x_wconf 50' lang='lat' dir='ltr'><strong>(ferens</strong></span> <span class='ocrx_word' id='word_1_38' title='bbox 441 746 610 783; x_wconf 84' lang='lat' dir='ltr'><strong>parvulum</strong></span> <span class='ocrx_word' id='word_1_39' title='bbox 636 749 775 789; x_wconf 72' lang='lat' dir='ltr'><strong>expavit,</strong></span> 
     </span>
     <span class='ocr_line' id='line_1_13' title="bbox 289 790 709 833; baseline 0.017 -14"><span class='ocrx_word' id='word_1_40' title='bbox 289 790 412 830; x_wconf 78' lang='lat' dir='ltr'><strong>Quique</strong></span> <span class='ocrx_word' id='word_1_41' title='bbox 438 799 508 823; x_wconf 88' lang='lat' dir='ltr'><strong>eum</strong></span> <span class='ocrx_word' id='word_1_42' title='bbox 533 792 709 833; x_wconf 85' lang='lat' dir='ltr'><strong>baptizavit</strong></span> 
     </span>
     <span class='ocr_line' id='line_1_14' title="bbox 338 837 684 883; baseline 0.017 -15"><span class='ocrx_word' id='word_1_43' title='bbox 338 837 375 868; x_wconf 88' lang='lat' dir='ltr'><strong>In</strong></span> <span class='ocrx_word' id='word_1_44' title='bbox 402 838 513 870; x_wconf 89' lang='lat' dir='ltr'><strong>eodem</strong></span> <span class='ocrx_word' id='word_1_45' title='bbox 537 839 684 883; x_wconf 89' lang='lat' dir='ltr'><strong>flumine;</strong></span> 
     </span>
    </p>
   </div>
   <div class='ocr_carea' id='block_1_8' title="bbox 204 890 754 978">
    <p class='ocr_par' dir='ltr' id='par_1_8' title="bbox 204 890 754 978">
     <span class='ocr_line' id='line_1_15' title="bbox 204 890 611 929; baseline 0.01 -4"><span class='ocrx_word' id='word_1_46' title='bbox 204 894 261 925; x_wconf 84' lang='lat' dir='ltr'><strong>5a.</strong></span> <span class='ocrx_word' id='word_1_47' title='bbox 287 890 363 927; x_wconf 86' lang='lat' dir='ltr'><strong>Ibat</strong></span> <span class='ocrx_word' id='word_1_48' title='bbox 387 893 494 927; x_wconf 87' lang='lat' dir='ltr'><strong>ferens</strong></span> <span class='ocrx_word' id='word_1_49' title='bbox 519 897 611 929; x_wconf 89' lang='lat' dir='ltr'><strong>utilia</strong></span> 
     </span>
     <span class='ocr_line' id='line_1_16' title="bbox 285 939 754 978; baseline 0.015 -7"><span class='ocrx_word' id='word_1_50' title='bbox 285 940 331 972; x_wconf 84' lang='lat' dir='ltr'><strong>Et</strong></span> <span class='ocrx_word' id='word_1_51' title='bbox 356 939 494 974; x_wconf 87' lang='lat' dir='ltr'><strong>fructum</strong></span> <span class='ocrx_word' id='word_1_52' title='bbox 518 942 581 975; x_wconf 84' lang='lat' dir='ltr'><strong>fert</strong></span> <span class='ocrx_word' id='word_1_53' title='bbox 606 949 641 976; x_wconf 87' lang='lat' dir='ltr'><strong>ut</strong></span> <span class='ocrx_word' id='word_1_54' title='bbox 665 947 754 978; x_wconf 87' lang='lat' dir='ltr'><strong>milia</strong></span> 
     </span>
    </p>
   </div>
   <div class='ocr_carea' id='block_1_9' title="bbox 332 988 806 1030">
    <p class='ocr_par' dir='ltr' id='par_1_9' title="bbox 332 988 806 1030">
     <span class='ocr_line' id='line_1_17' title="bbox 332 988 806 1030; baseline 0.017 -11"><span class='ocrx_word' id='word_1_55' title='bbox 332 988 442 1029; x_wconf 86' lang='lat' dir='ltr'><strong>Plura,</strong></span> <span class='ocrx_word' id='word_1_56' title='bbox 457 999 537 1030; x_wconf 88' lang='lat' dir='ltr'><strong>quae</strong></span> <span class='ocrx_word' id='word_1_57' title='bbox 549 995 624 1023; x_wconf 89' lang='lat' dir='ltr'><strong>sunt</strong></span> <span class='ocrx_word' id='word_1_58' title='bbox 632 997 806 1028; x_wconf 88' lang='lat' dir='ltr'><strong>manentes.</strong></span> 
     </span>
    </p>
   </div>
   <div class='ocr_carea' id='block_1_10' title="bbox 193 1041 763 1389">
    <p class='ocr_par' dir='ltr' id='par_1_10' title="bbox 193 1041 763 1389">
     <span class='ocr_line' id='line_1_18' title="bbox 200 1041 662 1085; baseline 0.009 -9"><span class='ocrx_word' id='word_1_59' title='bbox 200 1045 260 1076; x_wconf 85' lang='lat' dir='ltr'><strong>6a.</strong></span> <span class='ocrx_word' id='word_1_60' title='bbox 288 1041 421 1085; x_wconf 83' lang='lat' dir='ltr'><strong>Ligatus</strong></span> <span class='ocrx_word' id='word_1_61' title='bbox 445 1047 662 1080; x_wconf 82' lang='lat' dir='ltr'><strong>incarceratus</strong></span> 
     </span>
     <span class='ocr_line' id='line_1_19' title="bbox 284 1092 737 1137; baseline 0.013 -15"><span class='ocrx_word' id='word_1_62' title='bbox 284 1092 314 1122; x_wconf 92' lang='lat' dir='ltr'>A</span> <span class='ocrx_word' id='word_1_63' title='bbox 338 1093 455 1131; x_wconf 80' lang='lat' dir='ltr'><strong>puellis</strong></span> <span class='ocrx_word' id='word_1_64' title='bbox 481 1097 530 1125; x_wconf 89' lang='lat' dir='ltr'><strong>est</strong></span> <span class='ocrx_word' id='word_1_65' title='bbox 554 1098 737 1137; x_wconf 83' lang='lat' dir='ltr'><strong>temptatus,</strong></span> 
     </span>
     <span class='ocr_line' id='line_1_20' title="bbox 330 1138 763 1178; baseline 0.014 -8"><span class='ocrx_word' id='word_1_66' title='bbox 330 1138 413 1177; x_wconf 81' lang='lat' dir='ltr'><strong>Quos</strong></span> <span class='ocrx_word' id='word_1_67' title='bbox 439 1140 574 1174; x_wconf 88' lang='lat' dir='ltr'><strong>Domino</strong></span> <span class='ocrx_word' id='word_1_68' title='bbox 601 1144 763 1178; x_wconf 79' lang='lat' dir='ltr'><strong>conduxit.</strong></span> 
     </span>
     <span class='ocr_line' id='line_1_21' title="bbox 198 1191 645 1230; baseline 0.011 -4"><span class='ocrx_word' id='word_1_69' title='bbox 198 1195 255 1227; x_wconf 83' lang='lat' dir='ltr'><strong>7a.</strong></span> <span class='ocrx_word' id='word_1_70' title='bbox 282 1191 431 1227; x_wconf 81' lang='lat' dir='ltr'><strong>Nobilem</strong></span> <span class='ocrx_word' id='word_1_71' title='bbox 453 1200 489 1228; x_wconf 88' lang='lat' dir='ltr'><strong>ut</strong></span> <span class='ocrx_word' id='word_1_72' title='bbox 512 1199 645 1230; x_wconf 89' lang='lat' dir='ltr'><strong>militem</strong></span> 
     </span>
     <span class='ocr_line' id='line_1_22' title="bbox 278 1241 632 1277; baseline 0.014 -4"><span class='ocrx_word' id='word_1_73' title='bbox 278 1241 381 1274; x_wconf 86' lang='lat' dir='ltr'><strong>Decet</strong></span> <span class='ocrx_word' id='word_1_74' title='bbox 403 1244 450 1275; x_wconf 94' lang='lat' dir='ltr'><strong>uti</strong></span> <span class='ocrx_word' id='word_1_75' title='bbox 476 1246 632 1277; x_wconf 81' lang='lat' dir='ltr'><strong>cassidem</strong></span> 
     </span>
     <span class='ocr_line' id='line_1_23' title="bbox 324 1289 735 1335; baseline 0.012 -14"><span class='ocrx_word' id='word_1_76' title='bbox 324 1289 387 1322; x_wconf 85' lang='lat' dir='ltr'><strong>Est</strong></span> <span class='ocrx_word' id='word_1_77' title='bbox 411 1291 508 1331; x_wconf 83' lang='lat' dir='ltr'><strong>virgis</strong></span> <span class='ocrx_word' id='word_1_78' title='bbox 533 1293 735 1335; x_wconf 81' lang='lat' dir='ltr'><strong>vulneratus3</strong></span> 
     </span>
     <span class='ocr_line' id='line_1_24' title="bbox 193 1342 763 1389; baseline 0.012 -13"><span class='ocrx_word' id='word_1_79' title='bbox 193 1345 251 1378; x_wconf 84' lang='lat' dir='ltr'><strong>8a.</strong></span> <span class='ocrx_word' id='word_1_80' title='bbox 280 1342 344 1378; x_wconf 87' lang='lat' dir='ltr'><strong>Per</strong></span> <span class='ocrx_word' id='word_1_81' title='bbox 368 1349 600 1388; x_wconf 86' lang='lat' dir='ltr'><strong>retrogressum</strong></span> <span class='ocrx_word' id='word_1_82' title='bbox 622 1351 763 1389; x_wconf 82' lang='lat' dir='ltr'><strong>J&#39;aculum</strong></span> 
     </span>
    </p>
   </div>
   <div class='ocr_carea' id='block_1_11' title="bbox 275 1393 749 1485">
    <p class='ocr_par' dir='ltr' id='par_1_11' title="bbox 275 1393 749 1485">
     <span class='ocr_line' id='line_1_25' title="bbox 275 1393 738 1438; baseline 0.013 -14"><span class='ocrx_word' id='word_1_83' title='bbox 275 1393 444 1432; x_wconf 82' lang='lat' dir='ltr'><strong>Tyrannus</strong></span> <span class='ocrx_word' id='word_1_84' title='bbox 468 1396 579 1435; x_wconf 83' lang='lat' dir='ltr'><strong>perdit</strong></span> <span class='ocrx_word' id='word_1_85' title='bbox 603 1398 738 1438; x_wconf 89' lang='lat' dir='ltr'><strong>oculum,</strong></span> 
     </span>
     <span class='ocr_line' id='line_1_26' title="bbox 323 1440 749 1485; baseline 0.014 -13"><span class='ocrx_word' id='word_1_86' title='bbox 323 1440 589 1482; x_wconf 75' lang='lat' dir='ltr'><strong>christophorum</strong></span> <span class='ocrx_word' id='word_1_87' title='bbox 613 1446 749 1485; x_wconf 85' lang='lat' dir='ltr'><strong>vocavit,</strong></span> 
     </span>
    </p>
   </div>
   <div class='ocr_carea' id='block_1_12' title="bbox 189 1494 793 1544">
    <p class='ocr_par' dir='ltr' id='par_1_12' title="bbox 189 1494 793 1544">
     <span class='ocr_line' id='line_1_27' title="bbox 189 1494 793 1544; baseline 0.012 -16"><span class='ocrx_word' id='word_1_88' title='bbox 189 1496 247 1530; x_wconf 73' lang='lat'><strong>92.</strong></span> <span class='ocrx_word' id='word_1_89' title='bbox 273 1494 345 1530; x_wconf 85' lang='lat' dir='ltr'><strong>Rex</strong></span> <span class='ocrx_word' id='word_1_90' title='bbox 369 1506 488 1540; x_wconf 85' lang='lat' dir='ltr'><strong>regum,</strong></span> <span class='ocrx_word' id='word_1_91' title='bbox 516 1508 621 1544; x_wconf 87' lang='lat' dir='ltr'><strong>orans,</strong></span> <span class='ocrx_word' id='word_1_92' title='bbox 646 1503 793 1544; x_wconf 82' lang='lat' dir='ltr'><strong>Domine,</strong></span> 
     </span>
    </p>
   </div>
   <div class='ocr_carea' id='block_1_13' title="bbox 271 1544 714 1637">
    <p class='ocr_par' dir='ltr' id='par_1_13' title="bbox 271 1544 714 1637">
     <span class='ocr_line' id='line_1_28' title="bbox 271 1544 663 1580; baseline 0.013 -5"><span class='ocrx_word' id='word_1_93' title='bbox 271 1544 359 1576; x_wconf 91' lang='lat' dir='ltr'><strong>Audi</strong></span> <span class='ocrx_word' id='word_1_94' title='bbox 383 1545 417 1577; x_wconf 90' lang='lat' dir='ltr'><strong>in</strong></span> <span class='ocrx_word' id='word_1_95' title='bbox 441 1555 511 1579; x_wconf 91' lang='lat' dir='ltr'><strong>meo</strong></span> <span class='ocrx_word' id='word_1_96' title='bbox 535 1548 663 1580; x_wconf 90' lang='lat' dir='ltr'><strong>nomine</strong></span> 
     </span>
     <span class='ocr_line' id='line_1_29' title="bbox 321 1592 714 1637; baseline 0.015 -14"><span class='ocrx_word' id='word_1_97' title='bbox 321 1592 436 1625; x_wconf 87' lang='lat' dir='ltr'><strong>Omnes</strong></span> <span class='ocrx_word' id='word_1_98' title='bbox 463 1596 495 1626; x_wconf 91' lang='lat' dir='ltr'><strong>te</strong></span> <span class='ocrx_word' id='word_1_99' title='bbox 519 1595 714 1637; x_wconf 85' lang='lat' dir='ltr'><strong>invocantes,</strong></span> 
     </span>
    </p>
   </div>
   <div class='ocr_carea' id='block_1_14' title="bbox 163 1646 756 1788">
    <p class='ocr_par' dir='ltr' id='par_1_14' title="bbox 163 1646 756 1788">
     <span class='ocr_line' id='line_1_30' title="bbox 163 1646 756 1694; baseline 0.01 -14"><span class='ocrx_word' id='word_1_100' title='bbox 163 1646 243 1680; x_wconf 69' lang='lat'>1021.</span> <span class='ocrx_word' id='word_1_101' title='bbox 271 1646 355 1687; x_wconf 85' lang='lat' dir='ltr'><strong>Tibi,</strong></span> <span class='ocrx_word' id='word_1_102' title='bbox 382 1652 492 1682; x_wconf 87' lang='lat' dir='ltr'><strong>sancte</strong></span> <span class='ocrx_word' id='word_1_103' title='bbox 518 1652 756 1694; x_wconf 79' lang='lat' dir='ltr'><strong>christophore,</strong></span> 
     </span>
     <span class='ocr_line' id='line_1_31' title="bbox 267 1695 713 1732; baseline 0.011 -5"><span class='ocrx_word' id='word_1_104' title='bbox 267 1695 395 1729; x_wconf 83' lang='lat' dir='ltr'><strong>Laudes</strong></span> <span class='ocrx_word' id='word_1_105' title='bbox 423 1698 594 1730; x_wconf 80' lang='lat' dir='ltr'><strong>decantent</strong></span> <span class='ocrx_word' id='word_1_106' title='bbox 617 1700 713 1732; x_wconf 90' lang='lat' dir='ltr'><strong>hodie</strong></span> 
     </span>
     <span class='ocr_line' id='line_1_32' title="bbox 317 1743 695 1788; baseline 0.011 -13"><span class='ocrx_word' id='word_1_107' title='bbox 317 1743 431 1776; x_wconf 84' lang='lat' dir='ltr'><strong>Coetus</strong></span> <span class='ocrx_word' id='word_1_108' title='bbox 458 1746 695 1788; x_wconf 87' lang='lat' dir='ltr'><strong>catholicorum,</strong></span> 
     </span>
    </p>
   </div>
   <div class='ocr_carea' id='block_1_15' title="bbox 162 1795 741 1938">
    <p class='ocr_par' dir='ltr' id='par_1_15' title="bbox 162 1795 741 1938">
     <span class='ocr_line' id='line_1_33' title="bbox 162 1795 741 1844; baseline 0.01 -13"><span class='ocrx_word' id='word_1_109' title='bbox 162 1798 242 1831; x_wconf 79' lang='lat' dir='ltr'><strong>lla.</strong></span> <span class='ocrx_word' id='word_1_110' title='bbox 270 1795 377 1832; x_wconf 87' lang='lat' dir='ltr'><strong>Xristi</strong></span> <span class='ocrx_word' id='word_1_111' title='bbox 401 1810 517 1840; x_wconf 87' lang='lat' dir='ltr'><strong>panem</strong></span> <span class='ocrx_word' id='word_1_112' title='bbox 541 1805 577 1834; x_wconf 84' lang='lat' dir='ltr'><strong>ut</strong></span> <span class='ocrx_word' id='word_1_113' title='bbox 602 1804 741 1844; x_wconf 88' lang='lat' dir='ltr'><strong>edamus,</strong></span> 
     </span>
     <span class='ocr_line' id='line_1_34' title="bbox 265 1845 725 1888; baseline 0.015 -11"><span class='ocrx_word' id='word_1_114' title='bbox 265 1845 345 1886; x_wconf 83' lang='lat' dir='ltr'><strong>EJ&#39;us</strong></span> <span class='ocrx_word' id='word_1_115' title='bbox 371 1849 556 1888; x_wconf 84' lang='lat' dir='ltr'><strong>sanguinem</strong></span> <span class='ocrx_word' id='word_1_116' title='bbox 581 1850 725 1883; x_wconf 89' lang='lat' dir='ltr'><strong>bibamus</strong></span> 
     </span>
     <span class='ocr_line' id='line_1_35' title="bbox 312 1895 692 1938; baseline 0.013 -13"><span class='ocrx_word' id='word_1_117' title='bbox 312 1895 398 1926; x_wconf 86' lang='lat' dir='ltr'><strong>Ante</strong></span> <span class='ocrx_word' id='word_1_118' title='bbox 424 1897 529 1928; x_wconf 84' lang='lat' dir='ltr'><strong>carnis</strong></span> <span class='ocrx_word' id='word_1_119' title='bbox 556 1898 692 1938; x_wconf 81' lang='lat' dir='ltr'><strong>exitum;</strong></span> 
     </span>
    </p>
   </div>
   <div class='ocr_carea' id='block_1_16' title="bbox 900 298 1504 433">
    <p class='ocr_par' dir='ltr' id='par_1_16' title="bbox 900 298 1504 433">
     <span class='ocr_line' id='line_1_36' title="bbox 900 298 1432 345; baseline 0.008 -12"><span class='ocrx_word' id='word_1_120' title='bbox 900 300 959 334; x_wconf 82' lang='lat' dir='ltr'><strong>lb.</strong></span> <span class='ocrx_word' id='word_1_121' title='bbox 981 298 1071 334; x_wconf 90' lang='lat' dir='ltr'><strong>Bene</strong></span> <span class='ocrx_word' id='word_1_122' title='bbox 1094 311 1240 343; x_wconf 84' lang='lat' dir='ltr'><strong>magnum</strong></span> <span class='ocrx_word' id='word_1_123' title='bbox 1265 306 1432 345; x_wconf 81' lang='lat' dir='ltr'><strong>exquisivit</strong></span> 
     </span>
     <span class='ocr_line' id='line_1_37' title="bbox 980 348 1504 391; baseline 0.011 -12"><span class='ocrx_word' id='word_1_124' title='bbox 980 348 1160 390; x_wconf 89' lang='lat' dir='ltr'><strong>Dominum,</strong></span> <span class='ocrx_word' id='word_1_125' title='bbox 1176 359 1245 382; x_wconf 89' lang='lat' dir='ltr'><strong>cum</strong></span> <span class='ocrx_word' id='word_1_126' title='bbox 1258 361 1318 391; x_wconf 88' lang='lat' dir='ltr'><strong>quo</strong></span> <span class='ocrx_word' id='word_1_127' title='bbox 1331 361 1415 384; x_wconf 89' lang='lat' dir='ltr'><strong>nunc</strong></span> <span class='ocrx_word' id='word_1_128' title='bbox 1423 353 1504 385; x_wconf 85' lang='lat' dir='ltr'><strong>vivit</strong></span> 
     </span>
     <span class='ocr_line' id='line_1_38' title="bbox 1027 396 1473 433; baseline 0.011 -6"><span class='ocrx_word' id='word_1_129' title='bbox 1027 396 1127 428; x_wconf 88' lang='lat' dir='ltr'><strong>Liber</strong></span> <span class='ocrx_word' id='word_1_130' title='bbox 1152 397 1191 429; x_wconf 86' lang='lat' dir='ltr'><strong>ab</strong></span> <span class='ocrx_word' id='word_1_131' title='bbox 1217 399 1317 431; x_wconf 89' lang='lat' dir='ltr'><strong>hostis</strong></span> <span class='ocrx_word' id='word_1_132' title='bbox 1342 400 1473 433; x_wconf 72' lang='lat' dir='ltr'><strong>retibus</strong></span> 
     </span>
    </p>
   </div>
   <div class='ocr_carea' id='block_1_17' title="bbox 897 449 1450 591">
    <p class='ocr_par' dir='ltr' id='par_1_17' title="bbox 897 449 1450 591">
     <span class='ocr_line' id='line_1_39' title="bbox 897 449 1449 497; baseline 0.009 -14"><span class='ocrx_word' id='word_1_133' title='bbox 897 451 954 483; x_wconf 87' lang='lat' dir='ltr'><strong>2b.</strong></span> <span class='ocrx_word' id='word_1_134' title='bbox 977 449 1157 493; x_wconf 85' lang='lat' dir='ltr'><strong>Dereliquit</strong></span> <span class='ocrx_word' id='word_1_135' title='bbox 1180 457 1256 486; x_wconf 91' lang='lat' dir='ltr'><strong>tunc</strong></span> <span class='ocrx_word' id='word_1_136' title='bbox 1280 457 1449 497; x_wconf 86' lang='lat' dir='ltr'><strong>malignum</strong></span> 
     </span>
     <span class='ocr_line' id='line_1_40' title="bbox 979 499 1450 543; baseline 0.013 -13"><span class='ocrx_word' id='word_1_137' title='bbox 979 499 1022 531; x_wconf 87' lang='lat' dir='ltr'><strong>Et</strong></span> <span class='ocrx_word' id='word_1_138' title='bbox 1047 500 1165 533; x_wconf 87' lang='lat' dir='ltr'><strong>levavit</strong></span> <span class='ocrx_word' id='word_1_139' title='bbox 1190 503 1291 534; x_wconf 90' lang='lat' dir='ltr'><strong>crucis</strong></span> <span class='ocrx_word' id='word_1_140' title='bbox 1317 504 1450 543; x_wconf 85' lang='lat' dir='ltr'><strong>signum,</strong></span> 
     </span>
     <span class='ocr_line' id='line_1_41' title="bbox 1026 548 1433 591; baseline 0.015 -13"><span class='ocrx_word' id='word_1_141' title='bbox 1026 548 1056 578; x_wconf 94' lang='lat' dir='ltr'>A</span> <span class='ocrx_word' id='word_1_142' title='bbox 1082 557 1142 588; x_wconf 86' lang='lat' dir='ltr'><strong>quo</strong></span> <span class='ocrx_word' id='word_1_143' title='bbox 1167 549 1271 581; x_wconf 89' lang='lat' dir='ltr'><strong>laesus</strong></span> <span class='ocrx_word' id='word_1_144' title='bbox 1296 551 1433 591; x_wconf 81' lang='lat' dir='ltr'><strong>rugiens,</strong></span> 
     </span>
    </p>
   </div>
   <div class='ocr_carea' id='block_1_18' title="bbox 897 600 1464 695">
    <p class='ocr_par' dir='ltr' id='par_1_18' title="bbox 897 600 1464 695">
     <span class='ocr_line' id='line_1_42' title="bbox 897 600 1464 640; baseline 0.011 -6"><span class='ocrx_word' id='word_1_145' title='bbox 897 602 955 637; x_wconf 85' lang='lat' dir='ltr'><strong>3b.</strong></span> <span class='ocrx_word' id='word_1_146' title='bbox 980 600 1098 636; x_wconf 79' lang='lat' dir='ltr'><strong>Factus</strong></span> <span class='ocrx_word' id='word_1_147' title='bbox 1123 604 1283 638; x_wconf 91' lang='lat' dir='ltr'><strong>hominum</strong></span> <span class='ocrx_word' id='word_1_148' title='bbox 1309 610 1356 639; x_wconf 89' lang='lat' dir='ltr'><strong>est</strong></span> <span class='ocrx_word' id='word_1_149' title='bbox 1380 608 1464 640; x_wconf 89' lang='lat' dir='ltr'><strong>lator</strong></span> 
     </span>
     <span class='ocr_line' id='line_1_43' title="bbox 977 650 1387 695; baseline 0.015 -14"><span class='ocrx_word' id='word_1_150' title='bbox 977 650 1020 682; x_wconf 85' lang='lat' dir='ltr'><strong>Et</strong></span> <span class='ocrx_word' id='word_1_151' title='bbox 1043 660 1063 683; x_wconf 87' lang='lat' dir='ltr'><strong>a</strong></span> <span class='ocrx_word' id='word_1_152' title='bbox 1086 650 1214 684; x_wconf 90' lang='lat' dir='ltr'><strong>flumine</strong></span> <span class='ocrx_word' id='word_1_153' title='bbox 1238 654 1387 695; x_wconf 85' lang='lat' dir='ltr'><strong>salvator,</strong></span> 
     </span>
    </p>
   </div>
   <div class='ocr_carea' id='block_1_19' title="bbox 894 697 1494 885">
    <p class='ocr_par' dir='ltr' id='par_1_19' title="bbox 894 697 1494 885">
     <span class='ocr_line' id='line_1_44' title="bbox 1025 697 1494 741; baseline 0.011 -11"><span class='ocrx_word' id='word_1_154' title='bbox 1025 697 1114 737; x_wconf 83' lang='lat' dir='ltr'><strong>Quod</strong></span> <span class='ocrx_word' id='word_1_155' title='bbox 1139 700 1247 732; x_wconf 87' lang='lat' dir='ltr'><strong>multis</strong></span> <span class='ocrx_word' id='word_1_156' title='bbox 1272 702 1360 741; x_wconf 79' lang='lat' dir='ltr'><strong>prius</strong></span> <span class='ocrx_word' id='word_1_157' title='bbox 1377 703 1494 735; x_wconf 87' lang='lat' dir='ltr'><strong>nocuit.</strong></span> 
     </span>
     <span class='ocr_line' id='line_1_45' title="bbox 894 750 1423 797; baseline 0.013 -13"><span class='ocrx_word' id='word_1_158' title='bbox 894 753 954 785; x_wconf 67' lang='lat'>41).</span> <span class='ocrx_word' id='word_1_159' title='bbox 978 750 1080 794; x_wconf 88' lang='lat' dir='ltr'><strong>Hujus</strong></span> <span class='ocrx_word' id='word_1_160' title='bbox 1105 754 1200 788; x_wconf 91' lang='lat' dir='ltr'><strong>fidem</strong></span> <span class='ocrx_word' id='word_1_161' title='bbox 1225 759 1423 797; x_wconf 85' lang='lat' dir='ltr'><strong>praedicavit</strong></span> 
     </span>
     <span class='ocr_line' id='line_1_46' title="bbox 976 801 1368 838; baseline 0.015 -6"><span class='ocrx_word' id='word_1_162' title='bbox 976 801 1019 833; x_wconf 88' lang='lat' dir='ltr'><strong>Et</strong></span> <span class='ocrx_word' id='word_1_163' title='bbox 1044 803 1204 835; x_wconf 85' lang='lat' dir='ltr'><strong>miraculis</strong></span> <span class='ocrx_word' id='word_1_164' title='bbox 1230 804 1368 838; x_wconf 85' lang='lat' dir='ltr'><strong>firmavit</strong></span> 
     </span>
     <span class='ocr_line' id='line_1_47' title="bbox 1022 850 1377 885; baseline 0.014 -5"><span class='ocrx_word' id='word_1_165' title='bbox 1022 850 1139 882; x_wconf 82' lang='lat' dir='ltr'><strong>Plenus</strong></span> <span class='ocrx_word' id='word_1_166' title='bbox 1164 851 1225 882; x_wconf 89' lang='lat' dir='ltr'><strong>Dei</strong></span> <span class='ocrx_word' id='word_1_167' title='bbox 1250 853 1377 885; x_wconf 89' lang='lat' dir='ltr'><strong>lumine.</strong></span> 
     </span>
    </p>
   </div>
   <div class='ocr_carea' id='block_1_20' title="bbox 892 901 1467 1043">
    <p class='ocr_par' dir='ltr' id='par_1_20' title="bbox 892 901 1467 1043">
     <span class='ocr_line' id='line_1_48' title="bbox 892 901 1356 940; baseline 0.013 -5"><span class='ocrx_word' id='word_1_168' title='bbox 892 903 951 937; x_wconf 86' lang='lat' dir='ltr'><strong>5b.</strong></span> <span class='ocrx_word' id='word_1_169' title='bbox 969 901 1119 937; x_wconf 75' lang='lat' dir='ltr'><strong>Kar-itate</strong></span> <span class='ocrx_word' id='word_1_170' title='bbox 1144 907 1356 940; x_wconf 86' lang='lat' dir='ltr'><strong>circumdatus</strong></span> 
     </span>
     <span class='ocr_line' id='line_1_49' title="bbox 971 949 1331 994; baseline 0.019 -13"><span class='ocrx_word' id='word_1_171' title='bbox 971 949 1034 983; x_wconf 86' lang='lat' dir='ltr'><strong>Dei</strong></span> <span class='ocrx_word' id='word_1_172' title='bbox 1058 961 1166 985; x_wconf 83' lang='lat' dir='ltr'><strong>mucre</strong></span> <span class='ocrx_word' id='word_1_173' title='bbox 1191 955 1331 994; x_wconf 85' lang='lat' dir='ltr'><strong>repletus</strong></span> 
     </span>
     <span class='ocr_line' id='line_1_50' title="bbox 1020 997 1467 1043; baseline 0.013 -13"><span class='ocrx_word' id='word_1_174' title='bbox 1020 997 1186 1032; x_wconf 82' lang='lat' dir='ltr'><strong>Convertit</strong></span> <span class='ocrx_word' id='word_1_175' title='bbox 1208 1003 1323 1034; x_wconf 87' lang='lat' dir='ltr'><strong>multas</strong></span> <span class='ocrx_word' id='word_1_176' title='bbox 1348 1006 1467 1043; x_wconf 83' lang='lat' dir='ltr'><strong>gentes.</strong></span> 
     </span>
    </p>
   </div>
   <div class='ocr_carea' id='block_1_21' title="bbox 887 1052 1485 1342">
    <p class='ocr_par' dir='ltr' id='par_1_21' title="bbox 887 1052 1485 1342">
     <span class='ocr_line' id='line_1_51' title="bbox 889 1052 1468 1100; baseline 0.01 -14"><span class='ocrx_word' id='word_1_177' title='bbox 889 1053 948 1086; x_wconf 91' lang='lat' dir='ltr'><strong>6b.</strong></span> <span class='ocrx_word' id='word_1_178' title='bbox 972 1052 1084 1088; x_wconf 78' lang='lat' dir='ltr'><strong>Mortis</strong></span> <span class='ocrx_word' id='word_1_179' title='bbox 1108 1065 1226 1095; x_wconf 86' lang='lat' dir='ltr'><strong>poenas</strong></span> <span class='ocrx_word' id='word_1_180' title='bbox 1251 1067 1315 1090; x_wconf 92' lang='lat' dir='ltr'><strong>non</strong></span> <span class='ocrx_word' id='word_1_181' title='bbox 1340 1060 1468 1100; x_wconf 82' lang='lat' dir='ltr'><strong>expavit</strong></span> 
     </span>
     <span class='ocr_line' id='line_1_52' title="bbox 971 1101 1365 1146; baseline 0.013 -13"><span class='ocrx_word' id='word_1_182' title='bbox 971 1101 1036 1133; x_wconf 87' lang='lat' dir='ltr'><strong>Sed</strong></span> <span class='ocrx_word' id='word_1_183' title='bbox 1060 1102 1129 1135; x_wconf 91' lang='lat' dir='ltr'><strong>Deo</strong></span> <span class='ocrx_word' id='word_1_184' title='bbox 1154 1106 1365 1146; x_wconf 85' lang='lat' dir='ltr'><strong>recuperavit,</strong></span> 
     </span>
     <span class='ocr_line' id='line_1_53' title="bbox 1016 1149 1442 1187; baseline 0.012 -7"><span class='ocrx_word' id='word_1_185' title='bbox 1016 1149 1099 1187; x_wconf 75' lang='lat' dir='ltr'><strong>Quos</strong></span> <span class='ocrx_word' id='word_1_186' title='bbox 1125 1151 1281 1184; x_wconf 86' lang='lat' dir='ltr'><strong>Sathanas</strong></span> <span class='ocrx_word' id='word_1_187' title='bbox 1306 1154 1442 1185; x_wconf 83' lang='lat' dir='ltr'><strong>seduxit.</strong></span> 
     </span>
     <span class='ocr_line' id='line_1_54' title="bbox 887 1202 1374 1250; baseline 0.012 -15"><span class='ocrx_word' id='word_1_188' title='bbox 887 1204 944 1237; x_wconf 86' lang='lat' dir='ltr'><strong>7b.</strong></span> <span class='ocrx_word' id='word_1_189' title='bbox 969 1202 1081 1238; x_wconf 87' lang='lat' dir='ltr'><strong>Oleum</strong></span> <span class='ocrx_word' id='word_1_190' title='bbox 1102 1205 1276 1240; x_wconf 81' lang='lat' dir='ltr'><strong>infundunt</strong></span> <span class='ocrx_word' id='word_1_191' title='bbox 1297 1210 1374 1250; x_wconf 85' lang='lat' dir='ltr'><strong>igni,</strong></span> 
     </span>
     <span class='ocr_line' id='line_1_55' title="bbox 966 1252 1485 1298; baseline 0.012 -14"><span class='ocrx_word' id='word_1_192' title='bbox 966 1252 1012 1284; x_wconf 88' lang='lat' dir='ltr'><strong>Ut</strong></span> <span class='ocrx_word' id='word_1_193' title='bbox 1035 1254 1173 1292; x_wconf 86' lang='lat' dir='ltr'><strong>perdant</strong></span> <span class='ocrx_word' id='word_1_194' title='bbox 1199 1255 1328 1296; x_wconf 84' lang='lat' dir='ltr'><strong>dignum</strong></span> <span class='ocrx_word' id='word_1_195' title='bbox 1352 1258 1485 1298; x_wconf 88' lang='lat' dir='ltr'><strong>indigni,</strong></span> 
     </span>
     <span class='ocr_line' id='line_1_56' title="bbox 1012 1298 1405 1342; baseline 0.018 -12"><span class='ocrx_word' id='word_1_196' title='bbox 1012 1298 1144 1340; x_wconf 87' lang='lat' dir='ltr'><strong>Sagittis</strong></span> <span class='ocrx_word' id='word_1_197' title='bbox 1173 1304 1220 1333; x_wconf 88' lang='lat' dir='ltr'><strong>est</strong></span> <span class='ocrx_word' id='word_1_198' title='bbox 1245 1307 1405 1342; x_wconf 64' lang='lat' dir='ltr'><strong>gravatus</strong></span> 
     </span>
    </p>
   </div>
   <div class='ocr_carea' id='block_1_22' title="bbox 882 1352 1397 1397">
    <p class='ocr_par' dir='ltr' id='par_1_22' title="bbox 882 1352 1397 1397">
     <span class='ocr_line' id='line_1_57' title="bbox 882 1352 1397 1397; baseline 0.01 -10"><span class='ocrx_word' id='word_1_199' title='bbox 882 1354 940 1387; x_wconf 87' lang='lat' dir='ltr'><strong>8b.</strong></span> <span class='ocrx_word' id='word_1_200' title='bbox 966 1352 1127 1393; x_wconf 80' lang='lat' dir='ltr'><strong>Quaerens</strong></span> <span class='ocrx_word' id='word_1_201' title='bbox 1153 1358 1221 1397; x_wconf 78' lang='lat' dir='ltr'><strong>eJ&#39;us</strong></span> <span class='ocrx_word' id='word_1_202' title='bbox 1245 1360 1397 1392; x_wconf 80' lang='lat' dir='ltr'><strong>auxilium</strong></span> 
     </span>
    </p>
   </div>
   <div class='ocr_carea' id='block_1_23' title="bbox 965 1401 1383 1485">
    <p class='ocr_par' dir='ltr' id='par_1_23' title="bbox 965 1401 1383 1485">
     <span class='ocr_line' id='line_1_58' title="bbox 965 1401 1383 1448; baseline 0.014 -15"><span class='ocrx_word' id='word_1_203' title='bbox 965 1401 1105 1435; x_wconf 84' lang='lat' dir='ltr'><strong>Credens</strong></span> <span class='ocrx_word' id='word_1_204' title='bbox 1129 1405 1163 1436; x_wconf 91' lang='lat' dir='ltr'><strong>in</strong></span> <span class='ocrx_word' id='word_1_205' title='bbox 1188 1405 1248 1437; x_wconf 90' lang='lat' dir='ltr'><strong>Dei</strong></span> <span class='ocrx_word' id='word_1_206' title='bbox 1273 1405 1383 1448; x_wconf 87' lang='lat' dir='ltr'><strong>filium,</strong></span> 
     </span>
     <span class='ocr_line' id='line_1_59' title="bbox 1011 1450 1306 1485; baseline 0.017 -4"><span class='ocrx_word' id='word_1_207' title='bbox 1011 1450 1056 1482; x_wconf 88' lang='lat' dir='ltr'><strong>Et</strong></span> <span class='ocrx_word' id='word_1_208' title='bbox 1077 1459 1146 1482; x_wconf 89' lang='lat' dir='ltr'><strong>eum</strong></span> <span class='ocrx_word' id='word_1_209' title='bbox 1172 1454 1306 1485; x_wconf 88' lang='lat' dir='ltr'><strong>sanavit.</strong></span> 
     </span>
    </p>
   </div>
   <div class='ocr_carea' id='block_1_24' title="bbox 879 1503 1388 1552">
    <p class='ocr_par' dir='ltr' id='par_1_24' title="bbox 879 1503 1388 1552">
     <span class='ocr_line' id='line_1_60' title="bbox 879 1503 1388 1552; baseline 0.014 -16"><span class='ocrx_word' id='word_1_210' title='bbox 879 1505 936 1539; x_wconf 87' lang='lat' dir='ltr'><strong>9b.</strong></span> <span class='ocrx_word' id='word_1_211' title='bbox 960 1503 1133 1540; x_wconf 86' lang='lat' dir='ltr'><strong>Sanctifica</strong></span> <span class='ocrx_word' id='word_1_212' title='bbox 1157 1517 1210 1540; x_wconf 94' lang='lat' dir='ltr'><strong>eos</strong></span> <span class='ocrx_word' id='word_1_213' title='bbox 1235 1512 1266 1541; x_wconf 93' lang='lat' dir='ltr'><strong>et</strong></span> <span class='ocrx_word' id='word_1_214' title='bbox 1291 1512 1388 1552; x_wconf 84' lang='lat' dir='ltr'><strong>eripe,</strong></span> 
     </span>
    </p>
   </div>
   <div class='ocr_carea' id='block_1_25' title="bbox 959 1554 1432 1641">
    <p class='ocr_par' dir='ltr' id='par_1_25' title="bbox 959 1554 1432 1641">
     <span class='ocr_line' id='line_1_61' title="bbox 959 1554 1386 1600; baseline 0.016 -16"><span class='ocrx_word' id='word_1_215' title='bbox 959 1554 1092 1586; x_wconf 91' lang='lat' dir='ltr'><strong>Animas</strong></span> <span class='ocrx_word' id='word_1_216' title='bbox 1118 1564 1225 1587; x_wconf 87' lang='lat' dir='ltr'><strong>eorum</strong></span> <span class='ocrx_word' id='word_1_217' title='bbox 1250 1559 1386 1600; x_wconf 84' lang='lat' dir='ltr'><strong>suscipe,</strong></span> 
     </span>
     <span class='ocr_line' id='line_1_62' title="bbox 1006 1602 1432 1641; baseline 0.019 -9"><span class='ocrx_word' id='word_1_218' title='bbox 1006 1602 1065 1641; x_wconf 81' lang='lat' dir='ltr'><strong>Qui</strong></span> <span class='ocrx_word' id='word_1_219' title='bbox 1092 1603 1197 1635; x_wconf 77' lang='lat' dir='ltr'><strong>salvas</strong></span> <span class='ocrx_word' id='word_1_220' title='bbox 1222 1607 1256 1636; x_wconf 91' lang='lat' dir='ltr'><strong>te</strong></span> <span class='ocrx_word' id='word_1_221' title='bbox 1280 1609 1432 1641; x_wconf 83' lang='lat' dir='ltr'><strong>amantes,</strong></span> 
     </span>
    </p>
   </div>
   <div class='ocr_carea' id='block_1_26' title="bbox 852 1655 1424 1702">
    <p class='ocr_par' dir='ltr' id='par_1_26' title="bbox 852 1655 1424 1702">
     <span class='ocr_line' id='line_1_63' title="bbox 852 1655 1424 1702; baseline 0.01 -12"><span class='ocrx_word' id='word_1_222' title='bbox 852 1657 935 1691; x_wconf 86' lang='lat' dir='ltr'><strong>10b.</strong></span> <span class='ocrx_word' id='word_1_223' title='bbox 956 1655 1001 1691; x_wconf 84' lang='lat' dir='ltr'><strong>Ut</strong></span> <span class='ocrx_word' id='word_1_224' title='bbox 1024 1657 1165 1691; x_wconf 80' lang='lat' dir='ltr'><strong>feramur</strong></span> <span class='ocrx_word' id='word_1_225' title='bbox 1192 1661 1231 1693; x_wconf 90' lang='lat' dir='ltr'><strong>de</strong></span> <span class='ocrx_word' id='word_1_226' title='bbox 1255 1662 1424 1702; x_wconf 87' lang='lat' dir='ltr'><strong>profundis</strong></span> 
     </span>
    </p>
   </div>
   <div class='ocr_carea' id='block_1_27' title="bbox 959 1705 1439 1798">
    <p class='ocr_par' dir='ltr' id='par_1_27' title="bbox 959 1705 1439 1798">
     <span class='ocr_line' id='line_1_64' title="bbox 959 1705 1439 1745; baseline 0.015 -8"><span class='ocrx_word' id='word_1_227' title='bbox 959 1705 1064 1745; x_wconf 78' lang='lat' dir='ltr'><strong>Huius</strong></span> <span class='ocrx_word' id='word_1_228' title='bbox 1087 1708 1199 1739; x_wconf 90' lang='lat' dir='ltr'><strong>mundi</strong></span> <span class='ocrx_word' id='word_1_229' title='bbox 1223 1710 1321 1742; x_wconf 83' lang='lat' dir='ltr'><strong>maris</strong></span> <span class='ocrx_word' id='word_1_230' title='bbox 1345 1712 1439 1743; x_wconf 88' lang='lat' dir='ltr'><strong>undis</strong></span> 
     </span>
     <span class='ocr_line' id='line_1_65' title="bbox 1005 1753 1410 1798; baseline 0.015 -14"><span class='ocrx_word' id='word_1_231' title='bbox 1005 1753 1060 1785; x_wconf 91' lang='lat' dir='ltr'><strong>Ad</strong></span> <span class='ocrx_word' id='word_1_232' title='bbox 1083 1754 1158 1785; x_wconf 87' lang='lat' dir='ltr'><strong>litus</strong></span> <span class='ocrx_word' id='word_1_233' title='bbox 1183 1764 1410 1798; x_wconf 81' lang='lat' dir='ltr'><strong>supernorum3</strong></span> 
     </span>
    </p>
   </div>
   <div class='ocr_carea' id='block_1_28' title="bbox 851 1806 1372 1851">
    <p class='ocr_par' dir='ltr' id='par_1_28' title="bbox 851 1806 1372 1851">
     <span class='ocr_line' id='line_1_66' title="bbox 851 1806 1372 1851; baseline 0.012 -10"><span class='ocrx_word' id='word_1_234' title='bbox 851 1808 931 1841; x_wconf 75' lang='lat' dir='ltr'><strong>lib.</strong></span> <span class='ocrx_word' id='word_1_235' title='bbox 956 1806 1043 1843; x_wconf 84' lang='lat' dir='ltr'><strong>Yma</strong></span> <span class='ocrx_word' id='word_1_236' title='bbox 1067 1811 1167 1851; x_wconf 78' lang='lat' dir='ltr'><strong>stygis</strong></span> <span class='ocrx_word' id='word_1_237' title='bbox 1193 1810 1245 1844; x_wconf 86' lang='lat' dir='ltr'><strong>fac</strong></span> <span class='ocrx_word' id='word_1_238' title='bbox 1269 1814 1372 1847; x_wconf 87' lang='lat' dir='ltr'><strong>vitare</strong></span> 
     </span>
    </p>
   </div>
   <div class='ocr_carea' id='block_1_29' title="bbox 955 1856 1403 1947">
    <p class='ocr_par' dir='ltr' id='par_1_29' title="bbox 955 1856 1403 1947">
     <span class='ocr_line' id='line_1_67' title="bbox 955 1856 1403 1902; baseline 0.016 -15"><span class='ocrx_word' id='word_1_239' title='bbox 955 1856 998 1888; x_wconf 88' lang='lat' dir='ltr'><strong>Et</strong></span> <span class='ocrx_word' id='word_1_240' title='bbox 1025 1866 1094 1889; x_wconf 90' lang='lat' dir='ltr'><strong>cum</strong></span> <span class='ocrx_word' id='word_1_241' title='bbox 1119 1860 1244 1898; x_wconf 84' lang='lat' dir='ltr'><strong>superis</strong></span> <span class='ocrx_word' id='word_1_242' title='bbox 1269 1870 1403 1902; x_wconf 86' lang='lat' dir='ltr'><strong>regnare</strong></span> 
     </span>
     <span class='ocr_line' id='line_1_68' title="bbox 1003 1904 1402 1947; baseline 0.015 -11"><span class='ocrx_word' id='word_1_243' title='bbox 1003 1904 1121 1937; x_wconf 87' lang='lat' dir='ltr'><strong>Tecum</strong></span> <span class='ocrx_word' id='word_1_244' title='bbox 1146 1906 1178 1937; x_wconf 92' lang='lat' dir='ltr'><strong>in</strong></span> <span class='ocrx_word' id='word_1_245' title='bbox 1204 1912 1402 1947; x_wconf 88' lang='lat' dir='ltr'><strong>perpetuum.</strong></span> 
     </span>
    </p>
   </div>
   <div class='ocr_carea' id='block_1_30' title="bbox 233 1950 1476 1997">
    <p class='ocr_par' dir='ltr' id='par_1_30' title="bbox 233 1950 1476 1997">
     <span class='ocr_line' id='line_1_69' title="bbox 233 1950 1476 1997; baseline 0.014 -21"><span class='ocrx_word' id='word_1_246' title='bbox 233 1950 316 1977; x_wconf 83' lang='lat' dir='ltr'><strong>Miss.</strong></span> <span class='ocrx_word' id='word_1_247' title='bbox 341 1959 394 1978; x_wconf 90' lang='lat' dir='ltr'><strong>ms.</strong></span> <span class='ocrx_word' id='word_1_248' title='bbox 416 1951 641 1989; x_wconf 81' lang='lat' dir='ltr'><strong>Salisburgense</strong></span> <span class='ocrx_word' id='word_1_249' title='bbox 668 1957 739 1983; x_wconf 84' lang='lat' dir='ltr'><strong>anni</strong></span> <span class='ocrx_word' id='word_1_250' title='bbox 767 1955 849 1985; x_wconf 84' lang='lat'>1476.</span> <span class='ocrx_word' id='word_1_251' title='bbox 873 1957 942 1986; x_wconf 59' lang='lat' dir='ltr'><strong>Coal.</strong></span> <span class='ocrx_word' id='word_1_252' title='bbox 970 1960 1041 1988; x_wconf 86' lang='lat' dir='ltr'><strong>bibl.</strong></span> <span class='ocrx_word' id='word_1_253' title='bbox 1068 1962 1147 1997; x_wconf 86' lang='lat' dir='ltr'><strong>publ.</strong></span> <span class='ocrx_word' id='word_1_254' title='bbox 1168 1962 1196 1988; x_wconf 93' lang='lat' dir='ltr'><strong>V</strong></span> <span class='ocrx_word' id='word_1_255' title='bbox 1223 1961 1237 1990; x_wconf 96' lang='lat'>1</span> <span class='ocrx_word' id='word_1_256' title='bbox 1259 1963 1285 1991; x_wconf 92' lang='lat' dir='ltr'><strong>A</strong></span> <span class='ocrx_word' id='word_1_257' title='bbox 1314 1963 1358 1992; x_wconf 83' lang='lat'><strong>12.</strong></span> <span class='ocrx_word' id='word_1_258' title='bbox 1378 1966 1413 1994; x_wconf 91' lang='lat' dir='ltr'><strong>A.</strong></span> <span class='ocrx_word' id='word_1_259' title='bbox 1438 1982 1476 1988; x_wconf 79' lang='lat'><strong>—-</strong></span> 
     </span>
    </p>
   </div>
   <div class='ocr_carea' id='block_1_31' title="bbox 153 1987 1475 2107">
    <p class='ocr_par' dir='ltr' id='par_1_31' title="bbox 153 1987 1475 2107">
     <span class='ocr_line' id='line_1_70' title="bbox 153 1987 1464 2033; baseline 0.014 -19"><span class='ocrx_word' id='word_1_260' title='bbox 153 1987 239 2015; x_wconf 90' lang='lat' dir='ltr'><strong>Miss.</strong></span> <span class='ocrx_word' id='word_1_261' title='bbox 268 1997 321 2016; x_wconf 92' lang='lat' dir='ltr'><strong>ms.</strong></span> <span class='ocrx_word' id='word_1_262' title='bbox 346 1989 520 2018; x_wconf 83' lang='lat' dir='ltr'><strong>Brixinense</strong></span> <span class='ocrx_word' id='word_1_263' title='bbox 549 2000 624 2020; x_wconf 85' lang='lat' dir='ltr'><strong>saec.</strong></span> <span class='ocrx_word' id='word_1_264' title='bbox 656 1991 700 2021; x_wconf 84' lang='lat'><strong>15.</strong></span> <span class='ocrx_word' id='word_1_265' title='bbox 730 1994 799 2022; x_wconf 82' lang='lat' dir='ltr'><strong>cod.</strong></span> <span class='ocrx_word' id='word_1_266' title='bbox 823 1996 918 2024; x_wconf 86' lang='lat' dir='ltr'><strong>Palat.</strong></span> <span class='ocrx_word' id='word_1_267' title='bbox 939 1997 1066 2026; x_wconf 85' lang='lat' dir='ltr'><strong>Vindob.</strong></span> <span class='ocrx_word' id='word_1_268' title='bbox 1095 1997 1177 2027; x_wconf 83' lang='lat'>1782.</span> <span class='ocrx_word' id='word_1_269' title='bbox 1198 2001 1230 2028; x_wconf 85' lang='lat' dir='ltr'><strong>B.</strong></span> <span class='ocrx_word' id='word_1_270' title='bbox 1252 2016 1289 2020; x_wconf 92' lang='lat'><strong>—</strong></span> <span class='ocrx_word' id='word_1_271' title='bbox 1309 2004 1391 2032; x_wconf 89' lang='lat' dir='ltr'><strong>Miss.</strong></span> <span class='ocrx_word' id='word_1_272' title='bbox 1421 2014 1464 2033; x_wconf 86' lang='lat' dir='ltr'><strong>ms</strong></span> 
     </span>
     <span class='ocr_line' id='line_1_71' title="bbox 154 2025 1475 2071; baseline 0.014 -19"><span class='ocrx_word' id='word_1_273' title='bbox 154 2025 381 2064; x_wconf 81' lang='lat' dir='ltr'><strong>Salisburgense</strong></span> <span class='ocrx_word' id='word_1_274' title='bbox 401 2036 477 2055; x_wconf 79' lang='lat' dir='ltr'><strong>saec.</strong></span> <span class='ocrx_word' id='word_1_275' title='bbox 500 2028 544 2057; x_wconf 86' lang='lat'><strong>15.</strong></span> <span class='ocrx_word' id='word_1_276' title='bbox 566 2030 637 2059; x_wconf 85' lang='lat' dir='ltr'><strong>Cod.</strong></span> <span class='ocrx_word' id='word_1_277' title='bbox 658 2032 753 2059; x_wconf 83' lang='lat' dir='ltr'><strong>Palat.</strong></span> <span class='ocrx_word' id='word_1_278' title='bbox 774 2033 901 2063; x_wconf 89' lang='lat' dir='ltr'><strong>Vindob.</strong></span> <span class='ocrx_word' id='word_1_279' title='bbox 924 2033 1006 2064; x_wconf 81' lang='lat'>1778.</span> <span class='ocrx_word' id='word_1_280' title='bbox 1029 2036 1058 2064; x_wconf 88' lang='lat' dir='ltr'><strong>C.</strong></span> <span class='ocrx_word' id='word_1_281' title='bbox 1079 2052 1116 2057; x_wconf 84' lang='lat'>—</span> <span class='ocrx_word' id='word_1_282' title='bbox 1136 2038 1220 2066; x_wconf 86' lang='lat' dir='ltr'><strong>Miss.</strong></span> <span class='ocrx_word' id='word_1_283' title='bbox 1241 2048 1294 2067; x_wconf 89' lang='lat' dir='ltr'><strong>ms.</strong></span> <span class='ocrx_word' id='word_1_284' title='bbox 1310 2041 1475 2071; x_wconf 83' lang='lat' dir='ltr'><strong>Graecense</strong></span> 
     </span>
     <span class='ocr_line' id='line_1_72' title="bbox 155 2062 1127 2107; baseline 0.012 -16"><span class='ocrx_word' id='word_1_285' title='bbox 155 2062 200 2091; x_wconf 85' lang='lat'><strong>74.</strong></span> <span class='ocrx_word' id='word_1_286' title='bbox 218 2073 295 2093; x_wconf 87' lang='lat' dir='ltr'><strong>saec.</strong></span> <span class='ocrx_word' id='word_1_287' title='bbox 317 2064 361 2093; x_wconf 83' lang='lat'><strong>15.</strong></span> <span class='ocrx_word' id='word_1_288' title='bbox 382 2066 419 2094; x_wconf 91' lang='lat' dir='ltr'><strong>D.</strong></span> <span class='ocrx_word' id='word_1_289' title='bbox 443 2081 473 2085; x_wconf 97' lang='lat'><strong>—</strong></span> <span class='ocrx_word' id='word_1_290' title='bbox 495 2067 579 2096; x_wconf 82' lang='lat' dir='ltr'><strong>Miss.</strong></span> <span class='ocrx_word' id='word_1_291' title='bbox 600 2078 653 2097; x_wconf 90' lang='lat' dir='ltr'><strong>ms.</strong></span> <span class='ocrx_word' id='word_1_292' title='bbox 674 2069 859 2107; x_wconf 71' lang='lat' dir='ltr'><strong>Stil-pinense</strong></span> <span class='ocrx_word' id='word_1_293' title='bbox 878 2071 906 2101; x_wconf 76' lang='lat'><strong>3,</strong></span> <span class='ocrx_word' id='word_1_294' title='bbox 927 2082 1003 2101; x_wconf 85' lang='lat' dir='ltr'><strong>saec.</strong></span> <span class='ocrx_word' id='word_1_295' title='bbox 1027 2073 1070 2102; x_wconf 90' lang='grc'><strong>15.</strong></span> <span class='ocrx_word' id='word_1_296' title='bbox 1091 2076 1127 2103; x_wconf 89' lang='grc' dir='ltr'><strong>Ε.</strong></span> 
     </span>
    </p>
   </div>
   <div class='ocr_carea' id='block_1_32' title="bbox 150 2101 1476 2216">
    <p class='ocr_par' dir='ltr' id='par_1_32' title="bbox 150 2101 1476 2216">
     <span class='ocr_line' id='line_1_73' title="bbox 229 2101 1476 2149; baseline 0.012 -18"><span class='ocrx_word' id='word_1_297' title='bbox 229 2101 285 2137; x_wconf 86' lang='lat' dir='ltr'><strong>3a,</strong></span> <span class='ocrx_word' id='word_1_298' title='bbox 314 2102 332 2129; x_wconf 86' lang='lat'>2</span> <span class='ocrx_word' id='word_1_299' title='bbox 356 2103 414 2131; x_wconf 85' lang='lat' dir='ltr'><strong>Sed</strong></span> <span class='ocrx_word' id='word_1_300' title='bbox 442 2106 569 2141; x_wconf 84' lang='lat' dir='ltr'><strong>qualiter</strong></span> <span class='ocrx_word' id='word_1_301' title='bbox 587 2107 622 2136; x_wconf 83' lang='lat' dir='ltr'><strong>A.</strong></span> <span class='ocrx_word' id='word_1_302' title='bbox 644 2124 681 2128; x_wconf 92' lang='lat'><strong>——</strong></span> <span class='ocrx_word' id='word_1_303' title='bbox 701 2107 755 2142; x_wconf 82' lang='lat' dir='ltr'><strong>5a,</strong></span> <span class='ocrx_word' id='word_1_304' title='bbox 787 2109 800 2137; x_wconf 92' lang='lat'>1</span> <span class='ocrx_word' id='word_1_305' title='bbox 828 2111 897 2139; x_wconf 85' lang='lat' dir='ltr'><strong>utili</strong></span> <span class='ocrx_word' id='word_1_306' title='bbox 917 2112 949 2139; x_wconf 93' lang='lat' dir='ltr'><strong>B.</strong></span> <span class='ocrx_word' id='word_1_307' title='bbox 977 2113 1053 2140; x_wconf 84' lang='lat' dir='ltr'><strong>vilia</strong></span> <span class='ocrx_word' id='word_1_308' title='bbox 1073 2113 1104 2141; x_wconf 85' lang='lat' dir='ltr'><strong>C.</strong></span> <span class='ocrx_word' id='word_1_309' title='bbox 1123 2129 1160 2133; x_wconf 92' lang='lat'><strong>—</strong></span> <span class='ocrx_word' id='word_1_310' title='bbox 1180 2114 1235 2149; x_wconf 84' lang='lat' dir='ltr'><strong>5a,</strong></span> <span class='ocrx_word' id='word_1_311' title='bbox 1259 2114 1276 2142; x_wconf 87' lang='grc'><strong><em>2</em></strong></span> <span class='ocrx_word' id='word_1_312' title='bbox 1303 2117 1359 2145; x_wconf 84' lang='lat' dir='ltr'><strong>fert</strong></span> <span class='ocrx_word' id='word_1_313' title='bbox 1390 2119 1476 2146; x_wconf 83' lang='lat' dir='ltr'><strong>milia</strong></span> 
     </span>
     <span class='ocr_line' id='line_1_74' title="bbox 150 2140 1474 2190; baseline 0.013 -23"><span class='ocrx_word' id='word_1_314' title='bbox 150 2140 237 2168; x_wconf 87' lang='lat' dir='ltr'>BCE.</span> <span class='ocrx_word' id='word_1_315' title='bbox 259 2158 297 2161; x_wconf 97' lang='lat'><strong>—</strong></span> <span class='ocrx_word' id='word_1_316' title='bbox 317 2141 373 2175; x_wconf 83' lang='lat' dir='ltr'><strong>7a,</strong></span> <span class='ocrx_word' id='word_1_317' title='bbox 402 2140 420 2169; x_wconf 81' lang='lat'><em>2</em></span> <span class='ocrx_word' id='word_1_318' title='bbox 439 2144 535 2172; x_wconf 82' lang='lat' dir='ltr'><strong>Docet</strong></span> <span class='ocrx_word' id='word_1_319' title='bbox 560 2148 593 2172; x_wconf 89' lang='lat' dir='ltr'><strong>ut</strong></span> <span class='ocrx_word' id='word_1_320' title='bbox 617 2147 761 2175; x_wconf 84' lang='lat' dir='ltr'><strong>cassidem</strong></span> <span class='ocrx_word' id='word_1_321' title='bbox 781 2148 845 2184; x_wconf 77' lang='lat' dir='ltr'><strong>AO3</strong></span> <span class='ocrx_word' id='word_1_322' title='bbox 873 2150 956 2178; x_wconf 83' lang='lat' dir='ltr'><strong>decet</strong></span> <span class='ocrx_word' id='word_1_323' title='bbox 980 2154 1013 2178; x_wconf 87' lang='lat' dir='ltr'><strong>ut</strong></span> <span class='ocrx_word' id='word_1_324' title='bbox 1038 2152 1181 2180; x_wconf 85' lang='lat' dir='ltr'><strong>cassidem</strong></span> <span class='ocrx_word' id='word_1_325' title='bbox 1202 2154 1234 2181; x_wconf 89' lang='lat' dir='ltr'><strong>B.</strong></span> <span class='ocrx_word' id='word_1_326' title='bbox 1255 2168 1293 2173; x_wconf 91' lang='lat'><strong>-—</strong></span> <span class='ocrx_word' id='word_1_327' title='bbox 1312 2155 1369 2190; x_wconf 85' lang='lat' dir='ltr'><strong>7a,</strong></span> <span class='ocrx_word' id='word_1_328' title='bbox 1391 2154 1409 2185; x_wconf 88' lang='lat'><strong>3</strong></span> <span class='ocrx_word' id='word_1_329' title='bbox 1432 2157 1474 2184; x_wconf 86' lang='lat' dir='ltr'><strong>Et</strong></span> 
     </span>
     <span class='ocr_line' id='line_1_75' title="bbox 152 2179 838 2216; baseline 0.013 -11"><span class='ocrx_word' id='word_1_330' title='bbox 152 2180 247 2216; x_wconf 88' lang='lat' dir='ltr'><strong>virgis</strong></span> <span class='ocrx_word' id='word_1_331' title='bbox 268 2179 380 2208; x_wconf 81' lang='lat' dir='ltr'>ABOE.</span> <span class='ocrx_word' id='word_1_332' title='bbox 401 2197 439 2201; x_wconf 87' lang='lat'>—</span> <span class='ocrx_word' id='word_1_333' title='bbox 462 2180 532 2216; x_wconf 86' lang='grc'>10]),</span> <span class='ocrx_word' id='word_1_334' title='bbox 556 2182 570 2211; x_wconf 93' lang='grc'>1</span> <span class='ocrx_word' id='word_1_335' title='bbox 593 2184 635 2212; x_wconf 83' lang='lat' dir='ltr'><strong>Ut</strong></span> <span class='ocrx_word' id='word_1_336' title='bbox 654 2185 731 2213; x_wconf 81' lang='lat' dir='ltr'><strong>feras</strong></span> <span class='ocrx_word' id='word_1_337' title='bbox 749 2186 838 2214; x_wconf 85' lang='lat' dir='ltr'>ABE.</span> 
     </span>
    </p>
   </div>
   <div class='ocr_carea' id='block_1_33' title="bbox 611 2256 1012 2293">
    <p class='ocr_par' dir='ltr' id='par_1_33' title="bbox 611 2256 1012 2293">
     <span class='ocr_line' id='line_1_76' title="bbox 611 2256 1012 2293; baseline 0.012 -5"><span class='ocrx_word' id='word_1_338' title='bbox 611 2256 670 2289; x_wconf 81' lang='lat'>175.</span> <span class='ocrx_word' id='word_1_339' title='bbox 710 2258 753 2290; x_wconf 84' lang='lat' dir='ltr'><strong>De</strong></span> <span class='ocrx_word' id='word_1_340' title='bbox 774 2260 885 2292; x_wconf 79' lang='lat' dir='ltr'><strong>sancta</strong></span> <span class='ocrx_word' id='word_1_341' title='bbox 912 2261 1012 2293; x_wconf 68' lang='lat' dir='ltr'><strong>Clara.</strong></span> 
     </span>
    </p>
   </div>
   <div class='ocr_carea' id='block_1_34' title="bbox 152 2309 1327 2404">
    <p class='ocr_par' dir='ltr' id='par_1_34' title="bbox 152 2309 1327 2404">
     <span class='ocr_line' id='line_1_77' title="bbox 152 2309 1270 2354; baseline 0.011 -13"><span class='ocrx_word' id='word_1_342' title='bbox 152 2310 207 2342; x_wconf 83' lang='lat' dir='ltr'><strong>la.</strong></span> <span class='ocrx_word' id='word_1_343' title='bbox 233 2309 345 2342; x_wconf 84' lang='lat' dir='ltr'><strong>Novae</strong></span> <span class='ocrx_word' id='word_1_344' title='bbox 371 2311 461 2351; x_wconf 87' lang='lat' dir='ltr'><strong>signo</strong></span> <span class='ocrx_word' id='word_1_345' title='bbox 488 2312 642 2345; x_wconf 87' lang='lat' dir='ltr'><strong>claritatis</strong></span> <span class='ocrx_word' id='word_1_346' title='bbox 840 2317 898 2350; x_wconf 91' lang='lat' dir='ltr'><strong>1b.</strong></span> <span class='ocrx_word' id='word_1_347' title='bbox 922 2320 952 2350; x_wconf 87' lang='lat' dir='ltr'>A</span> <span class='ocrx_word' id='word_1_348' title='bbox 978 2319 1101 2351; x_wconf 88' lang='lat' dir='ltr'><strong>camino</strong></span> <span class='ocrx_word' id='word_1_349' title='bbox 1128 2321 1270 2354; x_wconf 86' lang='lat' dir='ltr'><strong>caritatis</strong></span> 
     </span>
     <span class='ocr_line' id='line_1_78' title="bbox 281 2357 1327 2404; baseline 0.013 -15"><span class='ocrx_word' id='word_1_350' title='bbox 281 2357 399 2390; x_wconf 86' lang='lat' dir='ltr'><strong>Sancta</strong></span> <span class='ocrx_word' id='word_1_351' title='bbox 425 2359 526 2391; x_wconf 86' lang='lat' dir='ltr'><strong>claret</strong></span> <span class='ocrx_word' id='word_1_352' title='bbox 550 2359 655 2401; x_wconf 81' lang='lat' dir='ltr'><strong>Clara,</strong></span> <span class='ocrx_word' id='word_1_353' title='bbox 968 2366 1135 2400; x_wconf 88' lang='lat' dir='ltr'><strong>Francisci</strong></span> <span class='ocrx_word' id='word_1_354' title='bbox 1159 2368 1214 2401; x_wconf 79' lang='lat' dir='ltr'><strong>lux</strong></span> <span class='ocrx_word' id='word_1_355' title='bbox 1240 2371 1327 2404; x_wconf 89' lang='lat' dir='ltr'><strong>clara</strong></span> 
     </span>
    </p>
   </div>
   <div class='ocr_carea' id='block_1_35' title="bbox 231 2406 1365 2504">
    <p class='ocr_par' dir='ltr' id='par_1_35' title="bbox 231 2406 1365 2504">
     <span class='ocr_line' id='line_1_79' title="bbox 231 2406 1365 2461; baseline 0.011 -22"><span class='ocrx_word' id='word_1_356' title='bbox 231 2406 367 2439; x_wconf 84' lang='lat' dir='ltr'><strong>Sanctae</strong></span> <span class='ocrx_word' id='word_1_357' title='bbox 396 2407 485 2439; x_wconf 87' lang='lat' dir='ltr'><strong>sidus</strong></span> <span class='ocrx_word' id='word_1_358' title='bbox 511 2408 662 2441; x_wconf 87' lang='lat' dir='ltr'><strong>novitatis</strong></span> <span class='ocrx_word' id='word_1_359' title='bbox 919 2414 1026 2448; x_wconf 84' lang='lat' dir='ltr'><strong>Fulsit</strong></span> <span class='ocrx_word' id='word_1_360' title='bbox 1050 2416 1150 2448; x_wconf 89' lang='lat' dir='ltr'><strong>omnis</strong></span> <span class='ocrx_word' id='word_1_361' title='bbox 1175 2419 1365 2461; x_wconf 82' lang='lat' dir='ltr'><strong>sanctitatis,</strong></span> 
     </span>
     <span class='ocr_line' id='line_1_80' title="bbox 277 2454 1243 2504; baseline 0.011 -18"><span class='ocrx_word' id='word_1_362' title='bbox 277 2454 371 2487; x_wconf 77' lang='lat' dir='ltr'><strong>Nova</strong></span> <span class='ocrx_word' id='word_1_363' title='bbox 395 2455 450 2487; x_wconf 81' lang='lat' dir='ltr'><strong>lux</strong></span> <span class='ocrx_word' id='word_1_364' title='bbox 475 2457 652 2496; x_wconf 89' lang='lat' dir='ltr'><strong>praeclara.</strong></span> <span class='ocrx_word' id='word_1_365' title='bbox 970 2461 1053 2495; x_wconf 82' lang='lat' dir='ltr'><strong>Filia</strong></span> <span class='ocrx_word' id='word_1_366' title='bbox 1079 2472 1243 2504; x_wconf 83' lang='lat' dir='ltr'><strong>praecara.</strong></span> 
     </span>
    </p>
   </div>
  </div>
 </body>
</html>
