1653 2632
706 144 965 181 —175—

624 233 692 265 234.
732 236 776 268 De
799 240 907 271 saneto
928 240 1049 273 Jacobo.

203 293 258 326 la.
287 296 416 329 Coelum
442 300 539 333 verbo
565 302 782 338 confirmatum
891 310 949 343 lb.
971 311 1043 343 Hoc
1066 312 1098 344 in
1124 314 1221 346 verbo
1247 317 1368 348 coelum
1389 321 1488 360 tonat,

283 343 426 377 Verbum
450 351 563 380 narrat
585 350 794 394 incarnatum,
971 358 1080 391 Nubes
1106 364 1244 402 currunt,
1271 363 1352 403 ignis
1379 365 1475 398 donat

331 391 431 424 Verbi
455 403 579 435 quoque
603 398 754 440 gloriam3
1018 405 1201 446 Spiritalem
1224 411 1368 449 gratiam.

200 446 257 478 2a.
285 446 388 479 Rorat
411 451 532 491 aether,
558 455 646 486 terra
669 459 771 489 mater
888 460 946 494 ab.
967 462 1082 494 Mundi
1107 462 1186 496 flore
1212 466 1369 499 desiccato

282 493 801 539 Profertgermen,mundicrimen
968 509 1046 541 Flos
1070 511 1110 542 de
1134 512 1225 552 virga
1248 514 1367 555 prodit,
1394 516 1486 548 homo

329 543 395 581 Quo
422 544 546 577 deletur
571 549 721 590 coelitus,
1014 556 1063 588 De
1087 559 1194 590 Maria
1218 561 1354 600 genitus.

199 597 256 630 3a.
281 598 389 631 Instar
413 601 507 634 nubis
533 604 687 643 spiritalis
886 610 944 648 3b‚.
968 611 1056 644 Sicut
1080 615 1181 647 vellus
1208 615 1366 650 Gedeonis

284 644 379 678 Cadit
401 647 505 681 imber
530 651 689 692 specialis,
969 658 1127 692 Concham
1152 663 1257 702 replet
1280 668 1368 704 gutta
1391 667 1484 708 roris,

326 694 466 726 Jacobus
492 705 552 736 quo
577 699 718 740 maduit3
1013 706 1114 739 Israel
1139 708 1290 743 refloruit.

195 748 252 782 4a.
278 748 399 781 Turtur
423 755 524 795 sonat,
550 763 613 786 vox
637 757 775 799 auditur,
883 760 942 794 4b.
965 762 1076 795 Turris
1102 764 1208 798 David
1234 768 1401 809 exaltatur,

278 795 421 829 Credunt
436 802 556 841 gentes,
583 801 797 846 baptizantur,
966 809 1032 848 Quo
1057 810 1232 845 Damascus
1253 819 1451 856 expugnatur

325 844 536 879 Humectatur
561 858 650 890 area;
1012 858 1193 891 ventilatur
1216 862 1319 901 palea.

194 900 249 932 5a.
276 900 444 941 Templum
469 904 538 935 veri
564 906 741 939 Salomonis
882 911 940 945 512.
962 912 1034 944 Hoc
1057 923 1090 945 in
1116 916 1233 956 templo
1260 918 1425 952 citharista

275 947 375 979 Bases
398 952 508 982 tenent
531 960 601 984 cum
628 955 780 987 columnis
962 959 1069 992 David
1095 963 1181 994 canit
1204 966 1236 995 et
1259 965 1402 1004 sophista

323 995 503 1029 Architecti
528 1000 652 1040 studi03
1010 1008 1149 1041 Jacobus
1175 1019 1245 1042 cum
1270 1013 1396 1052 gaudio.

193 1051 251 1083 6a.
277 1051 341 1083 Hic
365 1053 482 1085 Phileti
507 1055 614 1088 vincla
636 1059 733 1091 solvit
879 1061 940 1094 6b.
962 1063 1193 1104 Hermogenem
1217 1069 1417 1101 seductorem

273 1098 317 1130 Et
347 1100 523 1141 phalangas
547 1105 747 1143 propulsavit
963 1109 1088 1143 Christo
1114 1116 1219 1145 sacrat
1241 1118 1272 1146 et
1298 1116 1452 1149 cultorem

320 1147 513 1180 Acherontis
538 1151 644 1191 putei;
1006 1158 1109 1190 Verae
1132 1158 1211 1192 facit
1234 1160 1319 1194 fidei.

191 1202 244 1233 7a.
272 1201 789 1250 Profertimbremscripturarum,
877 1212 934 1244 7b.
957 1213 1003 1245 Ut
1028 1215 1172 1248 columba
1198 1226 1309 1250 carens
1335 1218 1412 1253 felle

270 1249 409 1290 Lepram
436 1256 526 1285 curat
550 1255 726 1287 animarum
956 1260 1110 1294 Dulciora
1137 1264 1220 1303 gerit
1239 1266 1334 1298 melle

317 1297 502 1331 Medicante
526 1302 647 1344 gratia3
1003 1308 1117 1341 cordis
1141 1313 1329 1349 penetralia.

186 1352 241 1384 8a.
268 1352 364 1385 Hunc
387 1354 534 1388 Herodes
558 1357 697 1390 infidelis
872 1361 932 1396 8b.
957 1363 1034 1396 Cum
1058 1366 1150 1398 Josia
1171 1367 1341 1406 pharisaeo

266 1400 363 1432 Ensis
391 1404 521 1434 truncat
545 1408 577 1437 et
601 1406 740 1439 crudelis
953 1410 1106 1444 Reddens
1131 1416 1204 1446 vota
1227 1424 1348 1449 summo
1372 1417 1441 1450 Deo

314 1446 450 1480 Perimit
474 1451 624 1493 saevitia3
999 1458 1130 1491 Deserit
1152 1463 1328 1496 terrestria.

184 1503 239 1536 9a.
266 1503 382 1536 Pacem
413 1505 511 1538 donat
533 1508 609 1540 hinc
632 1511 786 1543 recedens
871 1514 929 1546 9b.
954 1515 1080 1548 Clarum
1110 1517 1199 1550 sidus
1224 1518 1423 1562 firmamenti,

264 1550 412 1584 Summae
436 1554 526 1593 pacis
553 1555 637 1588 dona
654 1556 771 1599 ferens,
951 1562 1185 1603 Tempestatem
1209 1567 1357 1600 elementi

309 1599 416 1640 Digna
440 1601 526 1634 vitae
548 1605 710 1645 praemio,
998 1610 1066 1642 Tuo
1091 1612 1185 1651 placa
1209 1615 1311 1647 radio.

156 1652 235 1687 10a.
263 1656 348 1688 Vero
372 1657 434 1689 soli
458 1659 595 1692 sociatus
844 1665 925 1699 10b.
950 1667 1014 1699 Ora
1038 1676 1155 1709 regem,
1183 1679 1273 1702 suum
1298 1681 1425 1713 gregem

261 1702 306 1735 Et
329 1703 363 1735 in
389 1705 476 1737 coelo
502 1707 673 1740 collocatus
949 1713 999 1745 Ne
1023 1715 1184 1755 relinquat
1208 1718 1266 1750 sed
1290 1721 1446 1759 perducat

307 1750 395 1783 Luce
419 1751 477 1783 sub
504 1755 653 1787 continua
993 1759 1047 1795 Ad
1073 1765 1203 1796 aeterna
1223 1774 1353 1805 pascua.

229 1814 312 1842 Miss.
342 1824 395 1843 ms.
428 1814 658 1853 compendiense
685 1829 760 1849 saec.
791 1821 835 1851 14.
859 1824 927 1852 Cod.
949 1825 1108 1854 Parisiens.
1138 1827 1173 1856 17
1184 1827 1248 1857 318.
1271 1831 1305 1858 A.
1328 1846 1361 1850 —
1384 1833 1467 1861 Miss.

151 1859 205 1879 ms.
228 1852 460 1889 Compendiense
480 1863 555 1883 saec.
578 1856 622 1884 14.
645 1858 715 1886 Cod.
735 1860 893 1890 Parisiens.
917 1861 952 1890 17
963 1861 1027 1892 319.
1048 1865 1082 1892 Β.
1097 1880 1134 1884 -
1149 1867 1233 1895 Miss.
1253 1877 1306 1896 ms.
1325 1870 1467 1907 Compen-

150 1889 252 1918 diense
271 1899 348 1919 saec.
370 1890 415 1920 14.
437 1892 507 1920 Cod.
528 1893 686 1924 Parisiens.
710 1897 744 1925 17
756 1896 821 1926 321.
843 1899 874 1927 0.

600 1987 667 2019 235.
709 1988 753 2020 De
772 1991 880 2023 sancto
902 1991 1024 2024 Jaoobo.

150 2049 207 2082 la.
234 2048 380 2082 Tonitrui
408 2060 468 2084 vox
492 2053 526 2084 in
551 2055 620 2085 rota
839 2057 896 2091 lb.
923 2058 1015 2091 Vocis
1040 2062 1114 2093 tuae
1138 2072 1215 2095 sono
1242 2065 1351 2106 crevit,

231 2098 252 2131 J
255 2097 382 2139 acobus,
410 2099 464 2139 qui
487 2099 553 2133 fide
576 2103 645 2133 tota
919 2105 1045 2139 Luxum
1071 2110 1174 2142 carnis
1200 2120 1258 2151 pro
1279 2115 1312 2144 te
1328 2116 1461 2158 sprevit,

230 2144 304 2177 Tibi
329 2146 427 2179 solvit
449 2147 505 2187 pia
530 2151 613 2188 vota,
919 2153 1022 2187 Suave
1043 2156 1154 2198 jugum
1178 2157 1264 2191 ferre
1288 2162 1392 2194 suevit

276 2192 365 2236 Jesu,
391 2198 498 2227 rector
523 2196 652 2230 coelice.
963 2202 1059 2244 Legis
1085 2207 1297 2247 evangelicae.

144 2250 199 2282 22.
227 2249 347 2294 Nubes¹
364 2251 465 2284 currit
487 2253 641 2293 pluviosa,
834 2257 894 2292 2b.
918 2258 1151 2302 Hermogenem
1178 2269 1247 2295 cum
1272 2266 1397 2300 Phileto

227 2297 305 2330 Sata
330 2299 454 2340 spargit
479 2298 653 2342 fructuosa,
916 2307 1031 2340 Fidem
1058 2310 1151 2342 docet
1176 2320 1232 2344 ore
1255 2313 1351 2355 laeto,

223 2345 371 2379 Monstra
396 2346 487 2389 fugat
510 2351 652 2382 tortuosa
916 2355 1033 2388 Pacem
1058 2359 1194 2398 spondet
1220 2361 1311 2393 hoste
1335 2367 1444 2404 spreto

274 2394 355 2428 Baal
380 2404 439 2435 per
464 2396 652 2430 Samariam.
963 2403 1125 2438 Damnans
1150 2407 1345 2443 idolatriam.
