1653 2632
696 147 955 181 —227—

167 238 247 272 lia.
276 238 377 272 Caeco
404 243 478 273 nato
502 241 608 273 lumen
635 242 778 285 praebet,

274 286 391 319 Grates
417 289 527 321 reddit
551 289 605 321 hie
627 292 664 321 ut
689 290 785 322 debet

321 334 365 367 Et
391 335 493 368 Deum
519 336 677 377 glorificat
688 348 695 377 ;

168 391 248 424 12a.
275 392 463 424 Invocemus
490 401 563 433 ergo
587 393 746 434 Maurum,

275 438 320 471 Ut
346 440 386 471 de
409 440 481 472 lacu
505 441 655 473 vitiorum

322 487 380 518 Pie
403 496 461 519 nos
480 488 611 530 eripiat3

172 543 250 575 133.
277 542 351 574 Tibi
375 545 468 583 pater
492 544 677 576 assistentes

274 589 408 630 Semper
432 599 526 622 serva
551 591 785 631 congaudentes

321 637 390 669 Tuo
414 638 602 677 patrocinio.

856 243 936 277 111).
959 243 1071 275 Plures
1096 253 1207 276 manus
1232 254 1252 276 a
1277 245 1430 285 languore

960 291 1128 323 Benedicti
1153 294 1245 323 sanat
1268 301 1367 332 more,

1008 338 1088 370 Tres
1115 337 1280 371 defunctos
1305 340 1447 372 suscitat.

856 394 941 427 1212.
965 394 1073 434 Curre,
1099 398 1201 435 pater,
1228 399 1259 427 et
1284 394 1409 439 festina,

961 442 1015 474 Ad
1038 445 1071 473 te
1095 442 1197 482 trahe,
1225 452 1265 474 ne
1289 444 1414 475 sentina

1009 490 1159 521 Barathri
1183 498 1240 521 nos
1265 491 1379 530 rapiat.

857 545 939 579 13b.
961 546 1007 579 Ut
1022 549 1096 585 post
1110 550 1243 579 mortem
1256 547 1290 579 in
1302 550 1481 580 sanctorum

959 593 1142 625 Mereamur
1166 594 1335 626 electorum

1012 640 1155 681 AdJ'ungi
1180 642 1346 674 consortio.

251 712 335 739 Miss.
355 719 409 739 ms.
429 712 606 739 Fossatcnse
625 720 701 739 saec.
724 711 768 740 14.
790 713 859 741 Cod.
882 714 1039 741 Parisiem.
1061 713 1168 743 12060.

594 831 660 864 306.
700 833 744 864 De
763 834 869 864 sancto
890 834 1049 866 Michaele.

171 911 226 943 la.
253 911 291 942 In
320 914 492 951 conspectu
517 912 700 951 angelorum

255 958 367 990 Trium
394 958 498 990 choris
530 962 754 994 concentorum

254 1005 386 1044 Mentis,
412 1014 533 1047 manus,
559 1006 716 1038 labiorum
940 1006 1078 1039 Nostrae
1101 1008 1188 1040 laudi
1216 1009 1299 1048 quod
1324 1009 1414 1040 unita

301 1052 405 1084 Melos
427 1053 542 1092 jungat
566 1062 755 1093 congruum3
988 1054 1038 1085 Sit
1061 1055 1130 1086 laus
1156 1056 1360 1088 exercituum.

170 1110 227 1141 2a.
252 1108 320 1140 Nos
348 1109 464 1148 captivi
490 1109 691 1150 Michaelem,
859 1109 916 1141 2b.
939 1110 979 1142 In
1003 1110 1053 1142 his
1076 1111 1141 1142 illis
1168 1112 1278 1143 damus
1303 1115 1420 1148 votum.

254 1155 321 1187 Nos
348 1155 504 1188 confracti
531 1156 722 1197 Gabrielem,
940 1156 1058 1195 Quibus
1084 1158 1166 1189 velle
1190 1158 1251 1190 Dei
1275 1162 1384 1190 notum

253 1202 322 1235 Nos
347 1202 466 1235 infirmi
490 1202 655 1235 Rafaelem
938 1204 993 1235 Ad
1017 1205 1155 1236 minores
1180 1209 1228 1237 est
1252 1209 1432 1245 promotum

302 1250 458 1282 Vocamus
485 1259 523 1282 ex
547 1251 685 1285 nomine.
988 1251 1050 1283 Pro
1073 1255 1182 1284 nostro
1207 1253 1387 1285 munimine.

170 1307 227 1340 321.
254 1306 324 1338 Illis
349 1315 469 1337 summe
494 1307 718 1347 supplicemUS,
857 1306 914 1340 3b.
936 1307 1003 1339 Nos
1028 1308 1186 1340 nescimus
1211 1309 1280 1340 vias
1306 1319 1429 1341 morum

253 1353 337 1391 Quos
363 1353 510 1385 custodes
534 1354 588 1385 hio
612 1354 774 1394 habemus,
939 1354 1051 1394 Neque
1077 1363 1187 1386 causas
1212 1357 1407 1397 meritorum,

251 1400 298 1433 Ut
323 1409 362 1431 ex
386 1400 478 1432 hoste
502 1401 733 1441 triumphemus
939 1402 994 1434 Illi
1018 1402 1110 1433 nobis
1136 1403 1360 1443 magistrorum

299 1448 330 1479 A
356 1447 485 1479 sinistro
510 1448 621 1480 latere.
987 1449 1103 1482 Curam
1130 1453 1240 1481 curant
1265 1460 1385 1491 gerere.

167 1506 227 1537 43..
255 1504 348 1537 cives
372 1504 459 1536 urbis
482 1513 540 1536 nos
565 1514 732 1545 supernae,
857 1505 916 1539 4b.
941 1506 1020 1538 Cum
1044 1515 1102 1538 nos
1120 1506 1216 1538 simus
1233 1510 1373 1540 vestrum
1390 1509 1486 1548 latus,

250 1552 425 1584 Procurate
448 1560 507 1583 nos
531 1550 684 1593 fraterne,
939 1554 1056 1585 Vester
1079 1554 1200 1593 praesit
1224 1555 1419 1595 principatus

251 1599 336 1631 Dum
365 1601 552 1639 exspectant
567 1609 624 1632 nos
643 1609 798 1632 cavernae
940 1600 990 1632 Ne
1015 1610 1072 1633 uos
1092 1605 1219 1641 premat
1242 1603 1395 1635 incolatus

305 1646 458 1678 Coelestis
482 1647 630 1679 macerie.
991 1649 1031 1680 In
1055 1649 1139 1680 valle
1163 1649 1321 1683 miseriae.

858 912 916 945 1b.
941 912 1085 953 Sanctus,
1111 917 1249 954 sanetus,
1275 918 1413 958 sanetus,
1438 916 1484 947 ita

939 960 1037 992 Sonet
1060 970 1181 1000 manus,
1208 970 1270 993 vox
1296 965 1326 992 et
1350 962 1427 999 vita,

247 1740 331 1767 Miss.
353 1748 406 1766 ms.
428 1739 496 1769 Ord.
516 1741 672 1767 Teutonici
693 1749 769 1768 saec.
792 1740 836 1769 14.
859 1741 928 1768 Ood.
949 1741 1082 1769 Archivii
1111 1742 1210 1770 Ordin.
1238 1743 1404 1771 Vindobon.
1433 1743 1485 1773 171

168 1777 202 1806 A.
224 1794 262 1797 —
281 1777 370 1805 (θη-ω]-
391 1785 445 1804 ms.
467 1777 497 1804 S.
516 1778 599 1805 Petri
619 1777 833 1814 Salisburgens.
856 1787 874 1806 a
899 1779 958 1807 VII
982 1777 1020 1806 20
1040 1788 1116 1807 saec.
1143 1779 1186 1808 14.
1208 1781 1242 1808 13.
1269 1795 1307 1799 —
1326 1783 1376 1809 Μίε
1392 1803 1408 1810 γ.
1434 1792 1487 1811 ms.

169 1829 372 1865 Raig'radense
396 1813 417 1874 ξ
444 1827 459 1856 1
481 1832 500 1865 β
521 1828 538 1857 5
560 1831 630 1857 anni
656 1828 728 1858 1453
756 1831 779 1858 O
804 1847 841 1851 —
867 1832 1043 1859 Cantionale
1069 1840 1123 1859 ms.
1151 1833 1381 1870 vissegradense
1407 1835 1435 1862 V
1465 1832 1488 1862 C

171 1891 187 1909 c
206 1892 224 1917 η
245 1890 320 1909 saec.
344 1880 387 1909 15.
408 1881 445 1908 D.
466 1897 504 1901 —
523 1881 607 1909 Miss.
628 1890 682 1909 ms.
704 1882 898 1911 Olomucense
926 1885 996 1911 anni
1026 1881 1099 1912 1330
1121 1884 1190 1912 Ood.
1217 1885 1289 1913 bibl.
1317 1887 1397 1922 publ.
1420 1887 1489 1915 Olo-

168 1928 297 1947 mucens.
317 1920 364 1948 111
384 1920 399 1947 I
420 1918 464 1947 11.
478 1919 514 1947 E.
536 1933 570 1938 —
594 1920 681 1948 Grad.
703 1929 755 1948 ms.
771 1920 933 1949 Graecense
951 1919 987 1949 36
1002 1930 1077 1950 saec.
1096 1921 1141 1950 14.
1154 1923 1186 1950 F.
1200 1938 1237 1943 —-
1254 1924 1338 1951 MeL:
1358 1925 1489 1953 Verbum

168 1959 278 1986 bonum
299 1958 361 1986 DF.
383 1972 420 1976 —
442 1957 499 1985 Str.
520 1956 566 1986 3a
584 1966 612 1985 u.
633 1958 651 1986 b
673 1958 748 1986 fehlt
769 1959 803 1986 F.

528 2078 593 2110 307.
634 2078 670 2109 In
690 2078 898 2119 Apparitione
918 2087 942 2110 s.
963 2078 1132 2111 Michaelis.

192 2160 249 2193 la.
276 2159 313 2191 In
339 2167 479 2199 superna
504 2159 633 2199 regione

273 2207 390 2247 Vigent
415 2206 478 2238 Dei
508 2207 629 2238 visione

323 2255 496 2287 Beatorum
521 2254 656 2294 agmina,

190 2314 247 2349 22..
274 2312 358 2345 Nam
384 2312 472 2344 beati
497 2311 667 2352 Seraphini

275 2360 399 2393 Throni
424 2363 520 2401 atque
546 2359 720 2392 Cherubini

320 2409 415 2442 Stant
437 2409 469 2440 in
495 2409 598 2449 primo
623 2409 757 2449 agmine.

884 2159 943 2193 lb.
966 2160 1053 2200 Quae
1076 2161 1110 2192 in
1135 2161 1221 2193 trina
1245 2162 1370 2202 legione

967 2208 1036 2239 Sita
1058 2208 1127 2248 poli
1151 2209 1315 2241 mansione

1012 2255 1135 2289 Novem
1161 2256 1239 2289 dant
1264 2260 1445 2293 certamina.

883 2312 942 2346 2b.
965 2312 1081 2345 Orbem
1106 2316 1222 2355 regunt
1244 2314 1453 2350 Dominantes

964 2361 1009 2393 Et
1033 2361 1175 2393 Virtutes
1205 2363 1438 2404 triumphantes

1013 2410 1181 2442 Potentum
1204 2411 1377 2450 juvamine.

1256 2467 1315 2497 15*
