1653 2632
686 144 919 179 ,66-

609 240 649 272 81.
688 238 732 269 De
750 235 846 268 beata
866 230 967 264 Maria
987 228 1024 259 V.

190 328 247 362 la.
273 325 391 358 Mirum
417 323 454 355 fit
478 321 640 354 oraculum

322 370 481 404 Gabrielis
506 377 571 407 ore,

277 419 366 452 Coeli
389 415 630 449 tabernaculum

320 466 440 497 Terrae
466 461 619 493 claudunt
642 463 726 494 orae,

320 512 445 543 Lucent
468 506 596 540 virtutis
621 504 750 534 honore.

191 582 249 613 222.
276 577 377 609 Terra
403 573 528 605 stellam
554 568 662 609 genuit

321 620 494 653 vitandam
520 615 654 655 fulgore,

275 670 373 708 Virgo
399 669 475 698 nata
500 663 616 695 claruit

323 713 462 747 Coelosti
487 710 669 751 splendore,

323 760 492 795 Morbidos
519 758 629 797 vigore

276 812 364 844 Fons
391 814 559 846 erumpens
584 803 708 843 imbuit,

326 856 446 889 Aridos
470 854 605 893 liquore,

197 929 254 960 3a.
281 925 346 958 Res
371 922 454 954 mira
479 918 691 958 conspicitur:

283 972 428 1012 Sphaera
452 969 570 1008 puncto
598 963 769 1002 clauditur,

326 1017 487 1051 Maximus
512 1014 653 1053 minore,

202 1090 260 1122 4a.
285 1085 408 1118 Dulcor
433 1081 515 1113 mari
538 1079 687 1118 mittitur,

283 1134 390 1167 Decor
417 1129 508 1161 carni
529 1127 674 1168 jungitur

331 1177 457 1212 Humili
481 1176 615 1216 pudore,

204 1251 260 1282 5a.
287 1244 486 1286 Expavescit
508 1242 610 1274 ratio:

287 1294 393 1326 Purae
417 1290 454 1323 fit
478 1288 638 1330 purgatio,

286 1341 374 1374 Deus
401 1341 450 1370 est
474 1336 603 1375 oblatio,

287 1388 376 1429 Lege
399 1385 437 1418 fit,
460 1383 639 1423 redemptio

338 1436 401 1468 Pro
426 1433 620 1474 legislatore.

208 1506 265 1538 6a.
290 1501 381 1534 Mors
409 1499 564 1532 distendit

339 1547 509 1588 Sepulchri
533 1546 664 1586 regiam,

290 1597 376 1629 Dum
401 1594 547 1627 extendit

341 1643 396 1676 Sol
420 1643 535 1675 stolam
559 1640 690 1681 regiam,

293 1692 395 1724 Terra
419 1690 524 1722 tendit

341 1738 395 1771 Ad
419 1738 496 1770 solis
521 1737 642 1777 regiam

391 1785 469 1819 Cum
496 1785 621 1817 decore.

214 1857 270 1889 7a.
296 1853 400 1893 Regni
423 1852 484 1884 Dei

345 1900 524 1940 Sceptrum,
551 1897 622 1930 fons
645 1897 717 1937 olei,

298 1948 354 1979 Sol
381 1947 454 1985 diei,

345 1994 513 2033 Templum
538 1991 699 2031 saphyrei,

299 2040 439 2072 Nostrae
462 2039 532 2078 spei

348 2086 417 2117 Fac
440 2084 580 2116 fructum
604 2082 739 2122 provehi

400 2132 475 2164 Cum
503 2130 639 2161 fervore.

222 2202 278 2233 Sa.
304 2197 404 2230 Verni
427 2195 515 2227 floris

351 2244 459 2276 Decor
484 2240 631 2280 effloruit,

306 2291 434 2324 Nostris
459 2289 563 2320 choris

354 2338 476 2370 Dulcor
499 2333 640 2367 insonuit

405 2383 517 2416 Nostri
541 2382 682 2421 plausus.

877 309 937 343 ib.
959 308 1055 339 Anna
1080 301 1164 342 gerit
1186 297 1355 330 flosculum

1009 352 1131 384 Fusum
1156 346 1280 378 fructus
1305 350 1388 382 rore,

961 399 1087 436 Vesper
1112 393 1177 426 fert
1202 390 1424 431 crepusculum

1011 441 1164 475 Lucentis
1188 446 1324 471 aurorae

1013 491 1198 529 Praegnans
1222 484 1365 517 mirabili
1380 490 1481 516 more.

881 559 939 592 2b.
965 557 1014 589 Tu
1039 556 1140 595 virga,
1167 560 1249 593 quae
1275 549 1415 589 canduit,

1013 603 1128 634 virens
1153 601 1188 632 in
1213 598 1362 638 candore,

966 652 1054 691 Quae
1078 648 1228 689 pubendo
1256 645 1358 677 caruit

1013 697 1147 730 Radicis
1171 696 1314 728 humore,

1017 746 1093 777 Vita
1117 743 1247 784 puriore

971 793 1059 826 Nam
1084 790 1246 824 nascendo
1271 786 1437 829 splenduit

1017 840 1137 872 Libani
1161 838 1278 871 virore.

890 909 948 943 ab.
970 907 1059 940 Fons
1085 915 1105 937 a
1129 905 1217 936 stilla
1242 902 1373 943 geritur,

974 955 1030 988 Sol
1055 963 1075 985 a
1100 952 1195 984 stella
1218 950 1369 991 gignitur,

1020 1001 1160 1040 Fructus
1186 1001 1233 1030 est
1258 998 1292 1029 in
1316 996 1406 1030 flore.

891 1071 952 1105 41).
976 1071 1045 1103 Ima
1070 1065 1212 1105 summis,
1237 1063 1381 1096 nascitur

974 1116 1185 1153 Rhinoceros,
1212 1112 1337 1152 capitur

1023 1161 1167 1202 Virginis
1193 1168 1310 1192 amore.

895 1232 953 1266 5b.
974 1230 1116 1270 implens
1143 1227 1242 1260 corda
1266 1225 1392 1267 gaudio,

979 1279 1044 1311 Ora
1067 1275 1231 1315 vaticinio,

981 1327 1097 1359 Senem
1123 1323 1217 1355 docet
1240 1321 1359 1361 unctio,

980 1373 1121 1406 Matrem
1146 1370 1215 1402 nati
1239 1368 1346 1409 gladio

1028 1417 1189 1458 Transfigi
1214 1417 1333 1449 dolore.

897 1489 955 1523 6b.
979 1485 1209 1528 Apprehendit

1027 1535 1106 1567 Flos
1132 1531 1256 1564 fructus
1282 1529 1428 1571 gratiam,

980 1583 1053 1617 Jam
1074 1580 1234 1621 impendit

1028 1631 1095 1663 Ros
1117 1627 1237 1660 mundo
1261 1625 1404 1666 pluviam

982 1679 1069 1712 Dum
1093 1674 1240 1709 ascendit

1032 1725 1172 1765 Surgens
1198 1723 1241 1755 ad
1266 1720 1400 1763 gloriam

1082 1773 1162 1806 Cum
1185 1771 1307 1803 honore

902 1842 960 1876 7b.
984 1840 1125 1874 Jubilaei

1031 1888 1112 1928 Lex,
1139 1885 1214 1919 anni
1238 1883 1325 1916 rorei

984 1937 1049 1969 Per
1074 1938 1107 1966 te
1131 1934 1180 1966 rei

1033 1982 1203 2014 Merentur
1228 1978 1349 2018 revehi,

989 2029 1039 2061 Sis
1063 2029 1120 2060 lux
1145 2028 1204 2068 rei,

1038 2075 1089 2107 Sis
1115 2075 1270 2115 splendor
1295 2073 1372 2106 fidei

1088 2123 1167 2155 Cum
1194 2122 1335 2154 dulcore.

908 2188 968 2222 8b.
990 2188 1040 2220 Tu
1061 2197 1118 2220 vas
1145 2188 1237 2230 roris,

1038 2235 1091 2267 En
1116 2235 1244 2274 sanguis
1269 2234 1385 2274 patuit,

994 2282 1068 2314 Veli
1091 2282 1179 2321 poris

1042 2328 1189 2360 Haerens
1214 2326 1269 2366 qui
1291 2326 1385 2358 latuit

1090 2375 1170 2405 Velo
1197 2373 1332 2410 clausus.
