1653 2632
679 151 936 187 -235—

164 240 219 273 ¹7a.
247 241 397 274 Advoeat
421 245 515 277 Jesus
540 245 674 278 Paulum
853 251 871 282 ’7
879 249 910 283 b.
932 250 1024 282 Sedit
1046 251 1080 283 in
1105 253 1267 285 altissimis

245 289 301 321 Ad
325 298 497 330 supernum
522 293 644 334 solium,
934 297 1033 329 Simul
1059 308 1128 331 cum
1153 302 1315 341 apostolis,

248 335 328 374 Quia
351 339 416 369 tam
448 341 622 373 contrarios
936 344 1085 378 Gaudens
1110 355 1149 378 ex
1173 349 1380 390 praecordiis,

246 383 356 416 Victos
381 386 431 417 vel
456 390 647 426 spontaneos
935 393 1159 433 Contemplans
1189 404 1228 427 ex
1251 396 1381 429 intimis.

295 430 417 464 Stravit
439 433 594 467 inimicos.
982 440 1095 473 Omnes
1122 443 1201 473 coeli
1227 444 1348 476 choros.

165 487 223 520 8a.
250 488 361 529 Paule,
388 489 499 522 doctor
521 491 677 533 veritatis,
852 495 909 529 8b.
932 496 1029 528 Mane
1051 497 1142 529 nobis
1167 500 1243 530 tunc
1266 500 1406 532 auditam

296 535 378 567 Veni
403 545 473 569 cum
501 537 668 571 dulcedine
981 544 1050 576 Fae
1077 545 1128 576 dei
1154 546 1361 588 clementiam,

246 582 292 614 Et
315 583 349 615 in
372 592 504 625 regnum
530 587 684 618 claritatis
930 591 984 622 Ad
1009 594 1171 624 aeternam
1196 594 1318 633 perduc
1342 595 1440 627 vitam

293 630 366 662 Duc
389 634 443 663 tuo
468 634 660 672 precamine.
978 638 1041 670 Per
1072 639 1210 671 divinam
1235 642 1378 681 gratiam.

239 685 377 722 Sequent.
400 696 453 715 ms.
474 688 649 716 Praedicatt.
672 689 856 720 Oraeoviens.
878 701 900 720 S.
921 695 995 729 sign.
1018 702 1091 722 saec.
1112 693 1155 723 15.
1168 696 1203 723 A.
1224 712 1262 716 —
1280 697 1363 725 Miss.
1383 698 1474 726 Prae*

161 722 325 751 dicatorum
346 725 416 760 imp.
436 726 569 754 Venetiis
592 725 673 755 1523.
696 729 728 756 B.
755 743 795 749 —-
821 728 882 764 41),
904 728 921 758 3
947 731 1016 759 Jam
1041 732 1114 760 fehlt
1132 733 1165 760 B.
1188 748 1227 754 ——
1251 735 1320 762 Mel.
1346 736 1394 763 die
1420 736 1475 764 der

161 760 513 799 Himmelfahrtssequcnz
535 765 670 800 glei(·hen
690 765 830 803 Anfangs.

558 848 618 880 319.
658 849 692 881 In
716 850 920 883 conversione
942 861 965 884 s.
986 853 1086 885 Pauli.

187 905 242 937 la.
270 905 365 938 Sator
389 916 495 939 rerum
876 912 933 947 lb.
959 913 1102 946 Roriflua

269 952 334 984 Sub
362 954 484 986 dierum
955 960 1126 1001 Melliplua

317 1000 440 1033 Mundo
469 1005 561 1034 natus
588 1004 740 1045 clausula,
1004 1008 1098 1040 Ortus
1125 1019 1163 1042 ex
1187 1011 1381 1050 virguncula.

186 1057 242 1089 22..
270 1056 388 1089 Lustra
409 1061 521 1090 nactus
545 1062 595 1092 ter
619 1061 744 1100 gemina
872 1063 929 1096 2b.
952 1064 991 1096 In
1016 1065 1174 1098 animosos
1197 1067 1342 1107 humiles,

266 1105 410 1136 Aeterna
432 1107 551 1138 mundo
577 1108 697 1139 semina
953 1112 992 1143 111
1018 1110 1118 1144 fortes
1142 1113 1220 1153 legit
1245 1114 1365 1146 debiles

317 1151 481 1184 Seminare
506 1154 624 1195 exiens,
999 1158 1099 1191 Facto
1121 1160 1218 1192 verbo
1243 1162 1397 1195 muniens.

184 1209 241 1241 3a.
267 1207 354 1249 Ergo
379 1208 434 1240 ubi
459 1210 602 1250 moritur,
872 1213 929 1247 3b.
954 1214 1046 1247 Obvii
1075 1217 1246 1260 lapidibus,

268 1255 361 1287 Vitae
387 1257 474 1288 coelo
498 1258 655 1298 redditur,
950 1262 1063 1302 Ferro,
1088 1262 1232 1295 flammis.
1261 1266 1416 1306 crucibus,

267 1301 405 1341 Spiritus
432 1303 586 1336 emittitur
952 1308 1050 1340 Horis
1075 1311 1184 1342 mundi
1210 1312 1354 1344 omnibus

312 1349 373 1381 Dei
397 1359 545 1389 promens
570 1353 738 1392 magnalia,
1000 1355 1118 1388 Christi
1132 1358 1473 1399 clanguntpraeconia.

181 1407 238 1439 4a.
265 1405 350 1438 Juda
374 1407 407 1438 in
432 1408 567 1447 galaxia,
872 1411 930 1444 4b.
953 1412 1074 1444 Imbuit
1098 1422 1153 1445 cor
1178 1414 1261 1454 odio,

262 1453 339 1485 Pice
362 1457 470 1493 septus
491 1454 612 1495 Stygia,
950 1459 1065 1491 Manus
1095 1464 1196 1492 armat
1222 1462 1328 1502 gladio

309 1500 348 1532 In
371 1501 443 1532 luce
468 1502 548 1534 lucis
574 1503 709 1541 nescius,
997 1506 1060 1539 Pro
1083 1508 1153 1548 lege
1173 1509 1236 1549 legi
1261 1510 1384 1544 obvius

178 1557 235 1591 5a.
259 1557 396 1596 Quorum
422 1560 531 1590 tranat
556 1560 758 1601 praecordia,
867 1562 925 1595 5b.
947 1562 1041 1595 Saulo
1068 1565 1236 1597 committit
1257 1567 1411 1608 gladium,

261 1604 375 1637 Vatum
396 1605 530 1637 haerens
556 1606 598 1638 ad
624 1607 711 1639 labia
947 1610 1016 1642 Deo
1041 1614 1133 1651 gerat
1156 1612 1349 1653 obsequium,

308 1652 425 1684 Vatum
450 1652 528 1684 furit
551 1654 584 1685 in
609 1653 712 1696 filios3
994 1659 1087 1691 Pacis
1112 1660 1252 1692 trucidet
1276 1662 1415 1694 nuntios,

179 1710 235 1742 6a.
261 1709 286 1741 O
311 1709 409 1741 altam
433 1710 495 1741 Dei
516 1711 661 1751 gratiam,
865 1714 922 1747 6b.
945 1714 1074 1747 Saulum
1099 1717 1215 1748 sternit
1241 1722 1409 1759 σου-θρίω,

260 1756 328 1795 Qua
354 1756 422 1796 lupi
448 1759 676 1790 contumaciam
944 1763 1079 1795 Paulum
1101 1764 1187 1795 levat
1214 1765 1326 1797 electio

304 1804 390 1844 Agni
414 1807 516 1836 mutat
535 1805 714 1847 humilitas;
994 1810 1134 1850 Visaque
1157 1810 1264 1843 firmat
1290 1813 1403 1848 deitas.

180 1861 236 1893 72.
263 1860 335 1901 Hie,
361 1861 414 1893 hio
438 1864 508 1893 erat
530 1862 724 1903 rhinoceros,
864 1866 921 1900 7b.
945 1866 1003 1899 Cui
1027 1868 1116 1908 virgo
1143 1869 1277 1901 eeclesia

260 1907 319 1946 Qui
344 1907 453 1940 furens
476 1909 563 1942 ultra
587 1914 729 1944 caeteros
941 1914 1049 1947 Exuta
1070 1915 1137 1955 jam
1162 1916 1296 1948 saevitia

306 1956 343 1987 In
368 1956 466 1987 altum
496 1965 594 1989 cornu
619 1960 733 1991 extulit
993 1963 1102 1995 Sinum
1128 1964 1242 2003 quietis
1268 1964 1393 1996 obtulit.

175 2012 235 2046 8a.
261 2012 325 2046 Hic
349 2013 429 2045 haec
453 2022 534 2054 aqua
559 2013 672 2059 fuerat,
864 2018 921 2052 8b.
947 2019 1033 2058 Quae
1060 2021 1189 2052 milleno
1214 2019 1310 2053 fluvio

258 2060 345 2099 Quae
367 2061 440 2101 gelu
463 2064 630 2102 torpuerat
946 2067 1036 2099 Fluit
1059 2067 1132 2099 finis
1157 2069 1265 2100 nescio

304 2108 408 2140 Boreo
433 2109 546 2141 stricta
570 2109 709 2153 fremitu,
992 2114 1054 2146 Dei
1079 2115 1201 2155 liquata
1226 2116 1352 2156 spiritu.

173 2167 230 2199 9a.
257 2165 454 2206 Hicvir‚hic
464 2169 521 2207 est,
535 2176 627 2207 quem
636 2169 775 2211 nuditas,
861 2171 918 2205 9b.
940 2173 1039 2212 Quem
1062 2173 1174 2213 maria,
1210 2182 1301 2213 quem
1326 2175 1464 2217 vincula,

255 2213 383 2256 Fames,
409 2217 525 2255 aestus,
551 2215 701 2256 algiditas
943 2220 1041 2259 Quem
1059 2218 1169 2261 flagra,
1193 2229 1284 2260 quem
1303 2224 1466 2263 ergastula

302 2261 430 2295 Christo
456 2262 633 2302 probarunt
649 2264 775 2306 vivere;
991 2267 1191 2307 Nequierunt
1214 2269 1397 2309 reprimere.

146 2320 227 2356 lOa.
254 2319 319 2352 Hic
340 2319 452 2351 mundi
476 2328 536 2360 per
560 2322 760 2361 quadrivium
836 2324 918 2358 10b.
940 2324 1079 2357 Neronis
1104 2325 1162 2357 sub
1187 2326 1321 2366 imperio

253 2367 375 2401 Christi
391 2376 545 2409 spargens
560 2370 774 2412 praeconium,
941 2373 1084 2405 Tandem
1108 2374 1309 2414 triumphans
1334 2376 1442 2417 gladio

299 2416 452 2449 Evellens
477 2416 670 2460 idolatriam,
988 2420 1137 2453 Natalem
1162 2423 1290 2455 scandit
1312 2425 1462 2464 patriam.
