<?xml version="1.0" encoding="UTF-8"?>
<!DOCTYPE html PUBLIC "-//W3C//DTD XHTML 1.0 Transitional//EN"
    "http://www.w3.org/TR/xhtml1/DTD/xhtml1-transitional.dtd">
<html xmlns="http://www.w3.org/1999/xhtml" xml:lang="en" lang="en">
 <head>
  <title>
</title>
<meta http-equiv="Content-Type" content="text/html;charset=utf-8" />
  <meta name='ocr-system' content='tesseract 3.04.00' />
  <meta name='ocr-capabilities' content='ocr_page ocr_carea ocr_par ocr_line ocrx_word'/>
</head>
<body>
  <div class='ocr_page' id='page_1' title='image "./analectahymnica09drevuoft_00223.png"; bbox 0 0 1653 2632; ppageno 0'>
   <div class='ocr_carea' id='block_1_1' title="bbox 705 109 961 143">
    <p class='ocr_par' dir='ltr' id='par_1_1' title="bbox 705 109 961 143">
     <span class='ocr_line' id='line_1_1' title="bbox 705 109 961 143; baseline -0.004 0"><span class='ocrx_word' id='word_1_1' title='bbox 705 109 961 143; x_wconf 77' lang='lat'>—222—</span> 
     </span>
    </p>
   </div>
   <div class='ocr_carea' id='block_1_2' title="bbox 182 212 533 254">
    <p class='ocr_par' dir='ltr' id='par_1_2' title="bbox 182 212 533 254">
     <span class='ocr_line' id='line_1_2' title="bbox 182 212 533 254; baseline -0.003 -8"><span class='ocrx_word' id='word_1_2' title='bbox 182 213 264 247; x_wconf 74' lang='lat'>122..</span> <span class='ocrx_word' id='word_1_3' title='bbox 290 212 354 245; x_wconf 90' lang='lat' dir='ltr'>Sed</span> <span class='ocrx_word' id='word_1_4' title='bbox 380 213 533 254; x_wconf 84' lang='lat' dir='ltr'>diabolus,</span> 
     </span>
    </p>
   </div>
   <div class='ocr_carea' id='block_1_3' title="bbox 184 838 228 870">
    <p class='ocr_par' dir='ltr' id='par_1_3' title="bbox 184 838 228 870">
     <span class='ocr_line' id='line_1_3' title="bbox 184 838 228 870; baseline 0 0"><span class='ocrx_word' id='word_1_5' title='bbox 184 838 228 870; x_wconf 79' lang='lat' dir='ltr'>la</span> 
     </span>
    </p>
   </div>
   <div class='ocr_carea' id='block_1_4' title="bbox 184 1000 242 1031">
    <p class='ocr_par' dir='ltr' id='par_1_4' title="bbox 184 1000 242 1031">
     <span class='ocr_line' id='line_1_4' title="bbox 184 1000 242 1031; baseline 0 -1"><span class='ocrx_word' id='word_1_6' title='bbox 184 1000 242 1031; x_wconf 82' lang='lat' dir='ltr'>2a.</span> 
     </span>
    </p>
   </div>
   <div class='ocr_carea' id='block_1_5' title="bbox 186 1160 243 1191">
    <p class='ocr_par' dir='ltr' id='par_1_5' title="bbox 186 1160 243 1191">
     <span class='ocr_line' id='line_1_5' title="bbox 186 1160 243 1191; baseline -0.018 0"><span class='ocrx_word' id='word_1_7' title='bbox 186 1160 243 1191; x_wconf 83' lang='lat' dir='ltr'>3a.</span> 
     </span>
    </p>
   </div>
   <div class='ocr_carea' id='block_1_6' title="bbox 187 1318 242 1350">
    <p class='ocr_par' dir='ltr' id='par_1_6' title="bbox 187 1318 242 1350">
     <span class='ocr_line' id='line_1_6' title="bbox 187 1318 242 1350; baseline -0.036 0"><span class='ocrx_word' id='word_1_8' title='bbox 187 1318 242 1350; x_wconf 86' lang='lat' dir='ltr'>4a.</span> 
     </span>
    </p>
   </div>
   <div class='ocr_carea' id='block_1_7' title="bbox 191 1479 245 1511">
    <p class='ocr_par' dir='ltr' id='par_1_7' title="bbox 191 1479 245 1511">
     <span class='ocr_line' id='line_1_7' title="bbox 191 1479 245 1511; baseline -0.037 0"><span class='ocrx_word' id='word_1_9' title='bbox 191 1479 245 1511; x_wconf 84' lang='lat' dir='ltr'>5a.</span> 
     </span>
    </p>
   </div>
   <div class='ocr_carea' id='block_1_8' title="bbox 191 1640 246 1672">
    <p class='ocr_par' dir='ltr' id='par_1_8' title="bbox 191 1640 246 1672">
     <span class='ocr_line' id='line_1_8' title="bbox 191 1640 246 1672; baseline -0.036 0"><span class='ocrx_word' id='word_1_10' title='bbox 191 1640 246 1672; x_wconf 69' lang='lat'>62.</span> 
     </span>
    </p>
   </div>
   <div class='ocr_carea' id='block_1_9' title="bbox 195 1801 248 1832">
    <p class='ocr_par' dir='ltr' id='par_1_9' title="bbox 195 1801 248 1832">
     <span class='ocr_line' id='line_1_9' title="bbox 195 1801 248 1832; baseline 0 0"><span class='ocrx_word' id='word_1_11' title='bbox 195 1801 248 1832; x_wconf 68' lang='lat'>721.</span> 
     </span>
    </p>
   </div>
   <div class='ocr_carea' id='block_1_10' title="bbox 193 1961 250 1992">
    <p class='ocr_par' dir='ltr' id='par_1_10' title="bbox 193 1961 250 1992">
     <span class='ocr_line' id='line_1_10' title="bbox 193 1961 250 1992; baseline -0.018 0"><span class='ocrx_word' id='word_1_12' title='bbox 193 1961 250 1992; x_wconf 88' lang='lat' dir='ltr'>8a.</span> 
     </span>
    </p>
   </div>
   <div class='ocr_carea' id='block_1_11' title="bbox 195 2118 250 2151">
    <p class='ocr_par' dir='ltr' id='par_1_11' title="bbox 195 2118 250 2151">
     <span class='ocr_line' id='line_1_11' title="bbox 195 2118 250 2151; baseline -0.036 0"><span class='ocrx_word' id='word_1_13' title='bbox 195 2118 250 2151; x_wconf 83' lang='lat' dir='ltr'>9a.</span> 
     </span>
    </p>
   </div>
   <div class='ocr_carea' id='block_1_12' title="bbox 284 261 737 443">
    <p class='ocr_par' dir='ltr' id='par_1_12' title="bbox 284 261 737 396">
     <span class='ocr_line' id='line_1_12' title="bbox 286 261 737 301; baseline 0 -9"><span class='ocrx_word' id='word_1_14' title='bbox 286 261 339 301; x_wconf 88' lang='lat' dir='ltr'>qui</span> <span class='ocrx_word' id='word_1_15' title='bbox 362 269 486 301; x_wconf 82' lang='lat' dir='ltr'>semper</span> <span class='ocrx_word' id='word_1_16' title='bbox 511 264 559 293; x_wconf 90' lang='lat' dir='ltr'>est</span> <span class='ocrx_word' id='word_1_17' title='bbox 581 262 737 301; x_wconf 85' lang='lat' dir='ltr'>malignus</span> 
     </span>
     <span class='ocr_line' id='line_1_13' title="bbox 285 308 673 349; baseline 0 -9"><span class='ocrx_word' id='word_1_18' title='bbox 285 308 365 349; x_wconf 82' lang='lat' dir='ltr'>Regi</span> <span class='ocrx_word' id='word_1_19' title='bbox 389 309 519 349; x_wconf 84' lang='lat' dir='ltr'>virginis</span> <span class='ocrx_word' id='word_1_20' title='bbox 544 309 673 340; x_wconf 86' lang='lat' dir='ltr'>illicitos</span> 
     </span>
     <span class='ocr_line' id='line_1_14' title="bbox 284 356 419 396; baseline 0 -9"><span class='ocrx_word' id='word_1_21' title='bbox 284 356 419 396; x_wconf 88' lang='lat' dir='ltr'>sugessit</span> 
     </span>
    </p>

    <p class='ocr_par' dir='ltr' id='par_1_13' title="bbox 288 404 655 443">
     <span class='ocr_line' id='line_1_15' title="bbox 288 404 655 443; baseline -0.003 -9"><span class='ocrx_word' id='word_1_22' title='bbox 288 406 321 434; x_wconf 92' lang='lat' dir='ltr'>ut</span> <span class='ocrx_word' id='word_1_23' title='bbox 345 406 468 443; x_wconf 88' lang='lat' dir='ltr'>peteret</span> <span class='ocrx_word' id='word_1_24' title='bbox 491 404 655 435; x_wconf 81' lang='lat' dir='ltr'>thalamos.</span> 
     </span>
    </p>
   </div>
   <div class='ocr_carea' id='block_1_13' title="bbox 861 209 1320 251">
    <p class='ocr_par' dir='ltr' id='par_1_14' title="bbox 861 209 1320 251">
     <span class='ocr_line' id='line_1_16' title="bbox 861 209 1320 251; baseline -0.009 -5"><span class='ocrx_word' id='word_1_25' title='bbox 861 211 943 246; x_wconf 72' lang='lat'>121³.</span> <span class='ocrx_word' id='word_1_26' title='bbox 965 212 1029 244; x_wconf 81' lang='lat' dir='ltr'>Pro</span> <span class='ocrx_word' id='word_1_27' title='bbox 1057 220 1117 251; x_wconf 89' lang='lat' dir='ltr'>quo</span> <span class='ocrx_word' id='word_1_28' title='bbox 1142 209 1320 243; x_wconf 85' lang='lat' dir='ltr'>conflictum</span> 
     </span>
    </p>
   </div>
   <div class='ocr_carea' id='block_1_14' title="bbox 963 258 1363 439">
    <p class='ocr_par' dir='ltr' id='par_1_15' title="bbox 963 258 1363 392">
     <span class='ocr_line' id='line_1_17' title="bbox 966 258 1241 298; baseline 0 -9"><span class='ocrx_word' id='word_1_29' title='bbox 966 258 1129 290; x_wconf 87' lang='lat' dir='ltr'>subeundo</span> <span class='ocrx_word' id='word_1_30' title='bbox 1154 258 1241 298; x_wconf 87' lang='lat' dir='ltr'>pium</span> 
     </span>
     <span class='ocr_line' id='line_1_18' title="bbox 963 305 1363 345; baseline 0 -8"><span class='ocrx_word' id='word_1_31' title='bbox 963 306 1066 337; x_wconf 84' lang='lat' dir='ltr'>victor</span> <span class='ocrx_word' id='word_1_32' title='bbox 1090 305 1187 337; x_wconf 89' lang='lat' dir='ltr'>hodie</span> <span class='ocrx_word' id='word_1_33' title='bbox 1210 306 1363 345; x_wconf 69' lang='lat' dir='ltr'>martyrio</span> 
     </span>
     <span class='ocr_line' id='line_1_19' title="bbox 967 353 1161 392; baseline 0.005 -9"><span class='ocrx_word' id='word_1_34' title='bbox 967 355 998 384; x_wconf 86' lang='lat' dir='ltr'>et</span> <span class='ocrx_word' id='word_1_35' title='bbox 1022 353 1161 392; x_wconf 85' lang='lat' dir='ltr'>palmam</span> 
     </span>
    </p>

    <p class='ocr_par' dir='ltr' id='par_1_16' title="bbox 964 398 1319 439">
     <span class='ocr_line' id='line_1_20' title="bbox 964 398 1319 439; baseline 0 -8"><span class='ocrx_word' id='word_1_36' title='bbox 964 398 1107 431; x_wconf 87' lang='lat' dir='ltr'>referens</span> <span class='ocrx_word' id='word_1_37' title='bbox 1135 400 1174 432; x_wconf 88' lang='lat' dir='ltr'>de</span> <span class='ocrx_word' id='word_1_38' title='bbox 1199 400 1319 439; x_wconf 88' lang='lat' dir='ltr'>proelio</span> 
     </span>
    </p>
   </div>
   <div class='ocr_carea' id='block_1_15' title="bbox 525 455 1147 498">
    <p class='ocr_par' dir='ltr' id='par_1_17' title="bbox 525 455 1147 498">
     <span class='ocr_line' id='line_1_21' title="bbox 525 455 1147 498; baseline -0.003 -6"><span class='ocrx_word' id='word_1_39' title='bbox 525 460 579 493; x_wconf 76' lang='lat'>13.</span> <span class='ocrx_word' id='word_1_40' title='bbox 605 459 699 491; x_wconf 88' lang='lat' dir='ltr'>Hunc</span> <span class='ocrx_word' id='word_1_41' title='bbox 726 459 809 490; x_wconf 87' lang='lat' dir='ltr'>diem</span> <span class='ocrx_word' id='word_1_42' title='bbox 836 457 1007 498; x_wconf 87' lang='lat' dir='ltr'>gloriosum</span> <span class='ocrx_word' id='word_1_43' title='bbox 1031 455 1147 490; x_wconf 78' lang='lat' dir='ltr'><strong>fecisti.</strong></span> 
     </span>
    </p>
   </div>
   <div class='ocr_carea' id='block_1_16' title="bbox 179 538 1488 655">
    <p class='ocr_par' dir='ltr' id='par_1_18' title="bbox 179 538 1488 655">
     <span class='ocr_line' id='line_1_22' title="bbox 253 538 1488 580; baseline -0.004 -8"><span class='ocrx_word' id='word_1_44' title='bbox 253 544 388 580; x_wconf 84' lang='lat' dir='ltr'>Sequent.</span> <span class='ocrx_word' id='word_1_45' title='bbox 400 553 452 571; x_wconf 92' lang='lat' dir='ltr'>ms.</span> <span class='ocrx_word' id='word_1_46' title='bbox 464 544 580 571; x_wconf 76' lang='lat' dir='ltr'>Amesti</span> <span class='ocrx_word' id='word_1_47' title='bbox 601 543 637 570; x_wconf 84' lang='lat' dir='ltr'>de</span> <span class='ocrx_word' id='word_1_48' title='bbox 646 543 793 570; x_wconf 80' lang='lat' dir='ltr'>Pardubic</span> <span class='ocrx_word' id='word_1_49' title='bbox 802 542 873 569; x_wconf 79' lang='lat' dir='ltr'>anni</span> <span class='ocrx_word' id='word_1_50' title='bbox 885 538 967 568; x_wconf 86' lang='lat'>1360.</span> <span class='ocrx_word' id='word_1_51' title='bbox 980 540 1050 568; x_wconf 79' lang='lat' dir='ltr'>Ood.</span> <span class='ocrx_word' id='word_1_52' title='bbox 1063 540 1157 576; x_wconf 81' lang='lat' dir='ltr'>Capit.</span> <span class='ocrx_word' id='word_1_53' title='bbox 1172 541 1311 576; x_wconf 82' lang='lat' dir='ltr'>Pragens.</span> <span class='ocrx_word' id='word_1_54' title='bbox 1328 549 1351 568; x_wconf 92' lang='lat' dir='ltr'>s.</span> <span class='ocrx_word' id='word_1_55' title='bbox 1363 542 1437 577; x_wconf 80' lang='lat' dir='ltr'>sign.</span> <span class='ocrx_word' id='word_1_56' title='bbox 1450 555 1488 559; x_wconf 97' lang='lat'><strong>—</strong></span> 
     </span>
     <span class='ocr_line' id='line_1_23' title="bbox 179 578 1488 618; baseline -0.003 -8"><span class='ocrx_word' id='word_1_57' title='bbox 179 583 263 610; x_wconf 85' lang='lat' dir='ltr'>Mel.:</span> <span class='ocrx_word' id='word_1_58' title='bbox 301 582 363 610; x_wconf 79' lang='lat' dir='ltr'>Rex</span> <span class='ocrx_word' id='word_1_59' title='bbox 396 584 579 618; x_wconf 72' lang='lat' dir='ltr'>omnipotens</span> <span class='ocrx_word' id='word_1_60' title='bbox 613 581 662 608; x_wconf 84' lang='lat' dir='ltr'>dic</span> <span class='ocrx_word' id='word_1_61' title='bbox 690 580 840 608; x_wconf 84' lang='lat' dir='ltr'>hodierna.</span> <span class='ocrx_word' id='word_1_62' title='bbox 894 579 951 606; x_wconf 90' lang='lat' dir='ltr'>Die</span> <span class='ocrx_word' id='word_1_63' title='bbox 983 579 1115 614; x_wconf 67' lang='lat' dir='ltr'>Sequenz</span> <span class='ocrx_word' id='word_1_64' title='bbox 1148 580 1227 615; x_wconf 73' lang='lat' dir='ltr'>zeigt</span> <span class='ocrx_word' id='word_1_65' title='bbox 1263 578 1488 614; x_wconf 84' lang='lat' dir='ltr'>‹lurchgehende</span> 
     </span>
     <span class='ocr_line' id='line_1_24' title="bbox 180 614 1170 655; baseline -0.005 -7"><span class='ocrx_word' id='word_1_66' title='bbox 180 620 392 648; x_wconf 80' lang='lat' dir='ltr'>Endassonauz</span> <span class='ocrx_word' id='word_1_67' title='bbox 411 621 466 647; x_wconf 81' lang='lat' dir='ltr'>mit</span> <span class='ocrx_word' id='word_1_68' title='bbox 486 618 701 655; x_wconf 66' lang='lat' dir='ltr'>sporadischem</span> <span class='ocrx_word' id='word_1_69' title='bbox 720 618 813 645; x_wconf 86' lang='lat' dir='ltr'>Reim.</span> <span class='ocrx_word' id='word_1_70' title='bbox 834 631 870 636; x_wconf 90' lang='lat'>—</span> <span class='ocrx_word' id='word_1_71' title='bbox 893 614 960 651; x_wconf 80' lang='lat' dir='ltr'>12a,</span> <span class='ocrx_word' id='word_1_72' title='bbox 983 616 1001 643; x_wconf 87' lang='lat'>4</span> <span class='ocrx_word' id='word_1_73' title='bbox 1021 618 1097 652; x_wconf 82' lang='lat' dir='ltr'>petis</span> <span class='ocrx_word' id='word_1_74' title='bbox 1117 617 1170 644; x_wconf 74' lang='lat' dir='ltr'>Hs.</span> 
     </span>
    </p>
   </div>
   <div class='ocr_carea' id='block_1_17' title="bbox 606 754 1071 787">
    <p class='ocr_par' dir='ltr' id='par_1_19' title="bbox 606 754 1071 787">
     <span class='ocr_line' id='line_1_25' title="bbox 606 754 1071 787; baseline -0.002 -1"><span class='ocrx_word' id='word_1_75' title='bbox 606 756 673 787; x_wconf 80' lang='grc'>299.</span> <span class='ocrx_word' id='word_1_76' title='bbox 713 756 757 787; x_wconf 87' lang='lat' dir='ltr'>De</span> <span class='ocrx_word' id='word_1_77' title='bbox 778 756 885 786; x_wconf 84' lang='lat' dir='ltr'>sancto</span> <span class='ocrx_word' id='word_1_78' title='bbox 906 754 1071 786; x_wconf 75' lang='lat' dir='ltr'>matthaeo.</span> 
     </span>
    </p>
   </div>
   <div class='ocr_carea' id='block_1_18' title="bbox 231 838 785 973">
    <p class='ocr_par' dir='ltr' id='par_1_20' title="bbox 231 838 785 973">
     <span class='ocr_line' id='line_1_26' title="bbox 231 838 739 877; baseline -0.01 -5"><span class='ocrx_word' id='word_1_79' title='bbox 231 866 237 872; x_wconf 96' lang='lat'>.</span> <span class='ocrx_word' id='word_1_80' title='bbox 266 838 353 871; x_wconf 85' lang='lat' dir='ltr'>Coeli</span> <span class='ocrx_word' id='word_1_81' title='bbox 378 841 490 877; x_wconf 83' lang='lat' dir='ltr'>portae</span> <span class='ocrx_word' id='word_1_82' title='bbox 515 845 585 868; x_wconf 89' lang='lat' dir='ltr'>cum</span> <span class='ocrx_word' id='word_1_83' title='bbox 609 839 739 876; x_wconf 86' lang='lat' dir='ltr'>apertae</span> 
     </span>
     <span class='ocr_line' id='line_1_27' title="bbox 263 882 785 925; baseline -0.008 -7"><span class='ocrx_word' id='word_1_84' title='bbox 263 886 393 925; x_wconf 82' lang='lat' dir='ltr'>Forent,</span> <span class='ocrx_word' id='word_1_85' title='bbox 419 887 525 916; x_wconf 88' lang='lat' dir='ltr'>terrae</span> <span class='ocrx_word' id='word_1_86' title='bbox 548 886 622 915; x_wconf 87' lang='lat' dir='ltr'>sunt</span> <span class='ocrx_word' id='word_1_87' title='bbox 647 882 785 915; x_wconf 78' lang='lat' dir='ltr'>refertae</span> 
     </span>
     <span class='ocr_line' id='line_1_28' title="bbox 313 931 653 973; baseline -0.006 -9"><span class='ocrx_word' id='word_1_88' title='bbox 313 933 399 964; x_wconf 83' lang='lat' dir='ltr'>Rore</span> <span class='ocrx_word' id='word_1_89' title='bbox 422 932 516 971; x_wconf 87' lang='lat' dir='ltr'>pleno</span> <span class='ocrx_word' id='word_1_90' title='bbox 542 931 653 973; x_wconf 84' lang='lat' dir='ltr'>gratia,</span> 
     </span>
    </p>
   </div>
   <div class='ocr_carea' id='block_1_19' title="bbox 266 996 770 1124">
    <p class='ocr_par' dir='ltr' id='par_1_21' title="bbox 266 996 770 1124">
     <span class='ocr_line' id='line_1_29' title="bbox 266 996 770 1036; baseline -0.008 -6"><span class='ocrx_word' id='word_1_91' title='bbox 266 999 344 1030; x_wconf 82' lang='lat' dir='ltr'>Flos</span> <span class='ocrx_word' id='word_1_92' title='bbox 370 999 499 1030; x_wconf 88' lang='lat' dir='ltr'>odorem</span> <span class='ocrx_word' id='word_1_93' title='bbox 525 997 577 1028; x_wconf 88' lang='lat' dir='ltr'>hic</span> <span class='ocrx_word' id='word_1_94' title='bbox 598 996 770 1036; x_wconf 78' lang='lat' dir='ltr'>protendit,</span> 
     </span>
     <span class='ocr_line' id='line_1_30' title="bbox 268 1043 727 1083; baseline -0.007 -6"><span class='ocrx_word' id='word_1_95' title='bbox 268 1044 365 1077; x_wconf 79' lang='lat' dir='ltr'>Suum</span> <span class='ocrx_word' id='word_1_96' title='bbox 387 1053 491 1077; x_wconf 88' lang='lat' dir='ltr'>rorem</span> <span class='ocrx_word' id='word_1_97' title='bbox 517 1047 548 1075; x_wconf 90' lang='lat' dir='ltr'>et</span> <span class='ocrx_word' id='word_1_98' title='bbox 574 1043 727 1083; x_wconf 79' lang='lat' dir='ltr'>expendit</span> 
     </span>
     <span class='ocr_line' id='line_1_31' title="bbox 318 1091 653 1124; baseline -0.006 0"><span class='ocrx_word' id='word_1_99' title='bbox 318 1092 383 1124; x_wconf 82' lang='lat' dir='ltr'>Ros</span> <span class='ocrx_word' id='word_1_100' title='bbox 408 1091 653 1123; x_wconf 79' lang='lat' dir='ltr'>misericordiae.</span> 
     </span>
    </p>
   </div>
   <div class='ocr_carea' id='block_1_20' title="bbox 268 1158 808 1290">
    <p class='ocr_par' dir='ltr' id='par_1_22' title="bbox 268 1158 808 1290">
     <span class='ocr_line' id='line_1_32' title="bbox 269 1158 808 1196; baseline -0.006 -7"><span class='ocrx_word' id='word_1_101' title='bbox 269 1158 366 1190; x_wconf 85' lang='lat' dir='ltr'>Venit</span> <span class='ocrx_word' id='word_1_102' title='bbox 384 1158 437 1189; x_wconf 89' lang='lat' dir='ltr'>hic</span> <span class='ocrx_word' id='word_1_103' title='bbox 460 1167 523 1189; x_wconf 87' lang='lat' dir='ltr'>non</span> <span class='ocrx_word' id='word_1_104' title='bbox 546 1159 680 1196; x_wconf 86' lang='lat' dir='ltr'>propter</span> <span class='ocrx_word' id='word_1_105' title='bbox 705 1164 808 1193; x_wconf 87' lang='lat' dir='ltr'>sanos,</span> 
     </span>
     <span class='ocr_line' id='line_1_33' title="bbox 268 1204 677 1244; baseline -0.007 -7"><span class='ocrx_word' id='word_1_106' title='bbox 268 1206 465 1244; x_wconf 82' lang='lat' dir='ltr'>Peccatores,</span> <span class='ocrx_word' id='word_1_107' title='bbox 491 1204 677 1244; x_wconf 87' lang='lat' dir='ltr'>publicanos</span> 
     </span>
     <span class='ocr_line' id='line_1_34' title="bbox 316 1249 719 1290; baseline -0.007 -6"><span class='ocrx_word' id='word_1_108' title='bbox 316 1252 379 1284; x_wconf 86' lang='lat' dir='ltr'>Sed</span> <span class='ocrx_word' id='word_1_109' title='bbox 402 1254 439 1283; x_wconf 84' lang='lat' dir='ltr'>ut</span> <span class='ocrx_word' id='word_1_110' title='bbox 460 1252 564 1283; x_wconf 89' lang='lat' dir='ltr'>salvos</span> <span class='ocrx_word' id='word_1_111' title='bbox 590 1249 719 1290; x_wconf 86' lang='lat' dir='ltr'>faceret,</span> 
     </span>
    </p>
   </div>
   <div class='ocr_carea' id='block_1_21' title="bbox 270 1315 763 1450">
    <p class='ocr_par' dir='ltr' id='par_1_23' title="bbox 270 1315 763 1450">
     <span class='ocr_line' id='line_1_35' title="bbox 270 1315 763 1359; baseline -0.004 -11"><span class='ocrx_word' id='word_1_112' title='bbox 270 1317 353 1349; x_wconf 88' lang='lat' dir='ltr'>Dum</span> <span class='ocrx_word' id='word_1_113' title='bbox 379 1320 518 1359; x_wconf 83' lang='lat' dir='ltr'>vocatur,</span> <span class='ocrx_word' id='word_1_114' title='bbox 546 1326 619 1348; x_wconf 82' lang='lat' dir='ltr'>mox</span> <span class='ocrx_word' id='word_1_115' title='bbox 644 1315 763 1354; x_wconf 90' lang='lat' dir='ltr'>obedit,</span> 
     </span>
     <span class='ocr_line' id='line_1_36' title="bbox 271 1363 693 1404; baseline -0.002 -9"><span class='ocrx_word' id='word_1_116' title='bbox 271 1363 433 1404; x_wconf 84' lang='lat' dir='ltr'>Vectigali</span> <span class='ocrx_word' id='word_1_117' title='bbox 456 1365 531 1396; x_wconf 89' lang='lat' dir='ltr'>hinc</span> <span class='ocrx_word' id='word_1_118' title='bbox 557 1363 693 1402; x_wconf 81' lang='lat' dir='ltr'>decedit,</span> 
     </span>
     <span class='ocr_line' id='line_1_37' title="bbox 316 1410 752 1450; baseline -0.007 -7"><span class='ocrx_word' id='word_1_119' title='bbox 316 1411 403 1443; x_wconf 88' lang='lat' dir='ltr'>Hinc</span> <span class='ocrx_word' id='word_1_120' title='bbox 426 1412 541 1443; x_wconf 69' lang='lat' dir='ltr'>invitat</span> <span class='ocrx_word' id='word_1_121' title='bbox 565 1410 752 1450; x_wconf 80' lang='lat' dir='ltr'>Dominum3</span> 
     </span>
    </p>
   </div>
   <div class='ocr_carea' id='block_1_22' title="bbox 271 1476 773 1611">
    <p class='ocr_par' dir='ltr' id='par_1_24' title="bbox 271 1476 773 1611">
     <span class='ocr_line' id='line_1_38' title="bbox 272 1476 773 1516; baseline -0.006 -7"><span class='ocrx_word' id='word_1_122' title='bbox 272 1477 476 1509; x_wconf 85' lang='lat' dir='ltr'>Murmurant</span> <span class='ocrx_word' id='word_1_123' title='bbox 499 1477 573 1509; x_wconf 90' lang='lat' dir='ltr'>hinc</span> <span class='ocrx_word' id='word_1_124' title='bbox 596 1476 773 1516; x_wconf 84' lang='lat' dir='ltr'>pharisaei:</span> 
     </span>
     <span class='ocr_line' id='line_1_39' title="bbox 271 1523 706 1565; baseline -0.005 -9"><span class='ocrx_word' id='word_1_125' title='bbox 271 1524 334 1556; x_wconf 94' lang='lat' dir='ltr'>Hic</span> <span class='ocrx_word' id='word_1_126' title='bbox 358 1525 386 1556; x_wconf 89' lang='lat' dir='ltr'>si</span> <span class='ocrx_word' id='word_1_127' title='bbox 409 1527 503 1557; x_wconf 87' lang='lat' dir='ltr'>natus</span> <span class='ocrx_word' id='word_1_128' title='bbox 529 1528 611 1556; x_wconf 87' lang='lat' dir='ltr'>esset</span> <span class='ocrx_word' id='word_1_129' title='bbox 635 1523 706 1565; x_wconf 84' lang='lat' dir='ltr'>Dei,</span> 
     </span>
     <span class='ocr_line' id='line_1_40' title="bbox 326 1570 672 1611; baseline -0.006 -7"><span class='ocrx_word' id='word_1_130' title='bbox 326 1573 512 1604; x_wconf 84' lang='lat' dir='ltr'>Peccatores</span> <span class='ocrx_word' id='word_1_131' title='bbox 538 1570 672 1611; x_wconf 83' lang='lat' dir='ltr'>fugeret,</span> 
     </span>
    </p>
   </div>
   <div class='ocr_carea' id='block_1_23' title="bbox 272 1636 694 1772">
    <p class='ocr_par' dir='ltr' id='par_1_25' title="bbox 272 1636 694 1772">
     <span class='ocr_line' id='line_1_41' title="bbox 274 1636 669 1677; baseline -0.005 -7"><span class='ocrx_word' id='word_1_132' title='bbox 274 1639 364 1670; x_wconf 82' lang='lat' dir='ltr'>Nihil</span> <span class='ocrx_word' id='word_1_133' title='bbox 390 1637 472 1669; x_wconf 85' lang='lat' dir='ltr'>enim</span> <span class='ocrx_word' id='word_1_134' title='bbox 497 1636 669 1677; x_wconf 87' lang='lat' dir='ltr'>profuisset</span> 
     </span>
     <span class='ocr_line' id='line_1_42' title="bbox 272 1683 694 1724; baseline -0.005 -7"><span class='ocrx_word' id='word_1_135' title='bbox 272 1685 374 1717; x_wconf 84' lang='lat' dir='ltr'>Nobis</span> <span class='ocrx_word' id='word_1_136' title='bbox 399 1685 497 1724; x_wconf 88' lang='lat' dir='ltr'>nasci,</span> <span class='ocrx_word' id='word_1_137' title='bbox 523 1685 557 1716; x_wconf 88' lang='lat' dir='ltr'>ni</span> <span class='ocrx_word' id='word_1_138' title='bbox 582 1683 694 1716; x_wconf 82' lang='lat' dir='ltr'>fuisset</span> 
     </span>
     <span class='ocr_line' id='line_1_43' title="bbox 324 1732 638 1772; baseline -0.006 -7"><span class='ocrx_word' id='word_1_139' title='bbox 324 1733 444 1765; x_wconf 83' lang='lat' dir='ltr'>Nostra</span> <span class='ocrx_word' id='word_1_140' title='bbox 467 1732 638 1772; x_wconf 81' lang='lat' dir='ltr'>reparatio,</span> 
     </span>
    </p>
   </div>
   <div class='ocr_carea' id='block_1_24' title="bbox 276 1799 670 1933">
    <p class='ocr_par' dir='ltr' id='par_1_26' title="bbox 276 1799 670 1933">
     <span class='ocr_line' id='line_1_44' title="bbox 276 1799 637 1838; baseline -0.006 -6"><span class='ocrx_word' id='word_1_141' title='bbox 276 1799 426 1832; x_wconf 87' lang='lat' dir='ltr'>Publicus</span> <span class='ocrx_word' id='word_1_142' title='bbox 451 1799 637 1838; x_wconf 82' lang='lat' dir='ltr'>negotiator,</span> 
     </span>
     <span class='ocr_line' id='line_1_45' title="bbox 276 1846 670 1885; baseline -0.005 -6"><span class='ocrx_word' id='word_1_143' title='bbox 276 1847 441 1879; x_wconf 82' lang='lat' dir='ltr'>Generalis</span> <span class='ocrx_word' id='word_1_144' title='bbox 469 1846 670 1885; x_wconf 87' lang='lat' dir='ltr'>dispensator</span> 
     </span>
     <span class='ocr_line' id='line_1_46' title="bbox 321 1894 632 1933; baseline 0 -8"><span class='ocrx_word' id='word_1_145' title='bbox 321 1894 378 1925; x_wconf 88' lang='lat' dir='ltr'>Fit</span> <span class='ocrx_word' id='word_1_146' title='bbox 401 1894 436 1925; x_wconf 93' lang='grc'>111</span> <span class='ocrx_word' id='word_1_147' title='bbox 459 1894 632 1933; x_wconf 86' lang='lat' dir='ltr'>evangelio,</span> 
     </span>
    </p>
   </div>
   <div class='ocr_carea' id='block_1_25' title="bbox 277 1959 723 2001">
    <p class='ocr_par' dir='ltr' id='par_1_27' title="bbox 277 1959 723 2001">
     <span class='ocr_line' id='line_1_47' title="bbox 277 1959 723 2001; baseline 0 -11"><span class='ocrx_word' id='word_1_148' title='bbox 277 1959 439 1991; x_wconf 82' lang='lat' dir='ltr'>Candidus</span> <span class='ocrx_word' id='word_1_149' title='bbox 465 1962 496 1990; x_wconf 86' lang='lat' dir='ltr'>et</span> <span class='ocrx_word' id='word_1_150' title='bbox 519 1959 723 2001; x_wconf 86' lang='lat' dir='ltr'>rubicundus,</span> 
     </span>
    </p>
   </div>
   <div class='ocr_carea' id='block_1_26' title="bbox 275 2006 803 2093">
    <p class='ocr_par' dir='ltr' id='par_1_28' title="bbox 275 2006 803 2093">
     <span class='ocr_line' id='line_1_48' title="bbox 275 2006 803 2046; baseline 0 -9"><span class='ocrx_word' id='word_1_151' title='bbox 275 2006 454 2046; x_wconf 87' lang='lat' dir='ltr'>Speciosus,</span> <span class='ocrx_word' id='word_1_152' title='bbox 479 2007 631 2045; x_wconf 86' lang='lat' dir='ltr'>prudens,</span> <span class='ocrx_word' id='word_1_153' title='bbox 657 2006 803 2046; x_wconf 79' lang='lat' dir='ltr'>mundus,</span> 
     </span>
     <span class='ocr_line' id='line_1_49' title="bbox 322 2053 681 2093; baseline 0 -9"><span class='ocrx_word' id='word_1_154' title='bbox 322 2053 453 2084; x_wconf 83' lang='lat' dir='ltr'>Electus</span> <span class='ocrx_word' id='word_1_155' title='bbox 480 2062 519 2084; x_wconf 78' lang='lat' dir='ltr'>ex</span> <span class='ocrx_word' id='word_1_156' title='bbox 543 2053 681 2093; x_wconf 86' lang='lat' dir='ltr'>milibus,</span> 
     </span>
    </p>
   </div>
   <div class='ocr_carea' id='block_1_27' title="bbox 275 2118 713 2252">
    <p class='ocr_par' dir='ltr' id='par_1_29' title="bbox 275 2118 713 2252">
     <span class='ocr_line' id='line_1_50' title="bbox 276 2118 713 2158; baseline 0.002 -10"><span class='ocrx_word' id='word_1_157' title='bbox 276 2118 372 2158; x_wconf 87' lang='lat' dir='ltr'>Ecce,</span> <span class='ocrx_word' id='word_1_158' title='bbox 398 2119 472 2150; x_wconf 87' lang='lat' dir='ltr'>talis</span> <span class='ocrx_word' id='word_1_159' title='bbox 496 2121 544 2149; x_wconf 87' lang='lat' dir='ltr'>est</span> <span class='ocrx_word' id='word_1_160' title='bbox 569 2119 713 2157; x_wconf 88' lang='lat' dir='ltr'>dilectus,</span> 
     </span>
     <span class='ocr_line' id='line_1_51' title="bbox 275 2164 664 2202; baseline 0 -6"><span class='ocrx_word' id='word_1_161' title='bbox 275 2164 361 2202; x_wconf 82' lang='lat' dir='ltr'>Sion,</span> <span class='ocrx_word' id='word_1_162' title='bbox 387 2168 459 2196; x_wconf 89' lang='lat' dir='ltr'>tuus</span> <span class='ocrx_word' id='word_1_163' title='bbox 482 2174 521 2197; x_wconf 81' lang='lat' dir='ltr'>ex</span> <span class='ocrx_word' id='word_1_164' title='bbox 549 2166 664 2197; x_wconf 88' lang='lat' dir='ltr'>dilecto</span> 
     </span>
     <span class='ocr_line' id='line_1_52' title="bbox 322 2212 701 2252; baseline 0 -10"><span class='ocrx_word' id='word_1_165' title='bbox 322 2212 505 2243; x_wconf 84' lang='lat' dir='ltr'>Matthaeus</span> <span class='ocrx_word' id='word_1_166' title='bbox 529 2213 701 2252; x_wconf 88' lang='lat' dir='ltr'>apostolus.</span> 
     </span>
    </p>
   </div>
   <div class='ocr_carea' id='block_1_28' title="bbox 864 834 923 870">
    <p class='ocr_par' dir='ltr' id='par_1_30' title="bbox 864 834 923 870">
     <span class='ocr_line' id='line_1_53' title="bbox 864 834 923 870; baseline 0.051 -4"><span class='ocrx_word' id='word_1_167' title='bbox 864 834 923 870; x_wconf 74' lang='lat' dir='ltr'>lb.</span> 
     </span>
    </p>
   </div>
   <div class='ocr_carea' id='block_1_29' title="bbox 866 994 924 1027">
    <p class='ocr_par' dir='ltr' id='par_1_31' title="bbox 866 994 924 1027">
     <span class='ocr_line' id='line_1_54' title="bbox 866 994 924 1027; baseline -0.034 0"><span class='ocrx_word' id='word_1_168' title='bbox 866 994 924 1027; x_wconf 86' lang='lat' dir='ltr'>2b.</span> 
     </span>
    </p>
   </div>
   <div class='ocr_carea' id='block_1_30' title="bbox 868 1154 925 1187">
    <p class='ocr_par' dir='ltr' id='par_1_32' title="bbox 868 1154 925 1187">
     <span class='ocr_line' id='line_1_55' title="bbox 868 1154 925 1187; baseline -0.035 0"><span class='ocrx_word' id='word_1_169' title='bbox 868 1154 925 1187; x_wconf 83' lang='lat' dir='ltr'>3b.</span> 
     </span>
    </p>
   </div>
   <div class='ocr_carea' id='block_1_31' title="bbox 870 1314 928 1346">
    <p class='ocr_par' dir='ltr' id='par_1_33' title="bbox 870 1314 928 1346">
     <span class='ocr_line' id='line_1_56' title="bbox 870 1314 928 1346; baseline -0.052 0"><span class='ocrx_word' id='word_1_170' title='bbox 870 1314 928 1346; x_wconf 83' lang='lat' dir='ltr'>4b.</span> 
     </span>
    </p>
   </div>
   <div class='ocr_carea' id='block_1_32' title="bbox 873 1474 931 1507">
    <p class='ocr_par' dir='ltr' id='par_1_34' title="bbox 873 1474 931 1507">
     <span class='ocr_line' id='line_1_57' title="bbox 873 1474 931 1507; baseline -0.034 0"><span class='ocrx_word' id='word_1_171' title='bbox 873 1474 931 1507; x_wconf 82' lang='lat' dir='ltr'>5b.</span> 
     </span>
    </p>
   </div>
   <div class='ocr_carea' id='block_1_33' title="bbox 876 1635 933 1669">
    <p class='ocr_par' dir='ltr' id='par_1_35' title="bbox 876 1635 933 1669">
     <span class='ocr_line' id='line_1_58' title="bbox 876 1635 933 1669; baseline 0.018 -2"><span class='ocrx_word' id='word_1_172' title='bbox 876 1635 933 1669; x_wconf 84' lang='lat' dir='ltr'>6b.</span> 
     </span>
    </p>
   </div>
   <div class='ocr_carea' id='block_1_34' title="bbox 879 1797 937 1829">
    <p class='ocr_par' dir='ltr' id='par_1_36' title="bbox 879 1797 937 1829">
     <span class='ocr_line' id='line_1_59' title="bbox 879 1797 937 1829; baseline 0 0"><span class='ocrx_word' id='word_1_173' title='bbox 879 1797 937 1829; x_wconf 84' lang='lat' dir='ltr'>7b.</span> 
     </span>
    </p>
   </div>
   <div class='ocr_carea' id='block_1_35' title="bbox 879 1958 937 1992">
    <p class='ocr_par' dir='ltr' id='par_1_37' title="bbox 879 1958 937 1992">
     <span class='ocr_line' id='line_1_60' title="bbox 879 1958 937 1992; baseline -0.052 0"><span class='ocrx_word' id='word_1_174' title='bbox 879 1958 937 1992; x_wconf 76' lang='lat' dir='ltr'>ssb.</span> 
     </span>
    </p>
   </div>
   <div class='ocr_carea' id='block_1_36' title="bbox 881 2118 940 2150">
    <p class='ocr_par' dir='ltr' id='par_1_38' title="bbox 881 2118 940 2150">
     <span class='ocr_line' id='line_1_61' title="bbox 881 2118 940 2150; baseline 0 0"><span class='ocrx_word' id='word_1_175' title='bbox 881 2118 940 2150; x_wconf 85' lang='lat' dir='ltr'>9b.</span> 
     </span>
    </p>
   </div>
   <div class='ocr_carea' id='block_1_37' title="bbox 945 832 1461 968">
    <p class='ocr_par' dir='ltr' id='par_1_39' title="bbox 945 832 1461 968">
     <span class='ocr_line' id='line_1_62' title="bbox 947 832 1461 875; baseline 0.002 -10"><span class='ocrx_word' id='word_1_176' title='bbox 947 834 997 866; x_wconf 82' lang='lat' dir='ltr'>Ex</span> <span class='ocrx_word' id='word_1_177' title='bbox 1022 843 1084 874; x_wconf 85' lang='lat' dir='ltr'>qua</span> <span class='ocrx_word' id='word_1_178' title='bbox 1107 832 1165 866; x_wconf 86' lang='lat' dir='ltr'>fios</span> <span class='ocrx_word' id='word_1_179' title='bbox 1193 835 1233 866; x_wconf 89' lang='lat' dir='ltr'>de</span> <span class='ocrx_word' id='word_1_180' title='bbox 1254 835 1344 875; x_wconf 84' lang='lat' dir='ltr'>virga</span> <span class='ocrx_word' id='word_1_181' title='bbox 1370 835 1461 867; x_wconf 80' lang='lat' dir='ltr'>Jesse</span> 
     </span>
     <span class='ocr_line' id='line_1_63' title="bbox 945 880 1411 920; baseline 0 -7"><span class='ocrx_word' id='word_1_182' title='bbox 945 880 1071 913; x_wconf 83' lang='lat' dir='ltr'>Novum</span> <span class='ocrx_word' id='word_1_183' title='bbox 1095 881 1157 912; x_wconf 88' lang='lat' dir='ltr'>sibi</span> <span class='ocrx_word' id='word_1_184' title='bbox 1182 882 1317 920; x_wconf 85' lang='lat' dir='ltr'>sumpsit</span> <span class='ocrx_word' id='word_1_185' title='bbox 1342 890 1411 913; x_wconf 88' lang='lat' dir='ltr'>esse</span> 
     </span>
     <span class='ocr_line' id='line_1_64' title="bbox 994 928 1356 968; baseline -0.003 -7"><span class='ocrx_word' id='word_1_186' title='bbox 994 928 1088 961; x_wconf 85' lang='lat' dir='ltr'>Orbis</span> <span class='ocrx_word' id='word_1_187' title='bbox 1114 930 1146 959; x_wconf 89' lang='lat' dir='ltr'>et</span> <span class='ocrx_word' id='word_1_188' title='bbox 1169 936 1227 968; x_wconf 91' lang='lat' dir='ltr'>per</span> <span class='ocrx_word' id='word_1_189' title='bbox 1251 929 1356 968; x_wconf 88' lang='lat' dir='ltr'>spatia</span> 
     </span>
    </p>
   </div>
   <div class='ocr_carea' id='block_1_38' title="bbox 947 992 1444 1128">
    <p class='ocr_par' dir='ltr' id='par_1_40' title="bbox 947 992 1444 1128">
     <span class='ocr_line' id='line_1_65' title="bbox 947 992 1444 1034; baseline 0 -9"><span class='ocrx_word' id='word_1_190' title='bbox 947 994 1047 1034; x_wconf 85' lang='lat' dir='ltr'>Virga</span> <span class='ocrx_word' id='word_1_191' title='bbox 1070 994 1170 1034; x_wconf 85' lang='lat' dir='ltr'>virgo,</span> <span class='ocrx_word' id='word_1_192' title='bbox 1195 992 1254 1025; x_wconf 89' lang='lat' dir='ltr'>flos</span> <span class='ocrx_word' id='word_1_193' title='bbox 1280 997 1328 1025; x_wconf 91' lang='lat' dir='ltr'>est</span> <span class='ocrx_word' id='word_1_194' title='bbox 1351 996 1444 1026; x_wconf 88' lang='lat' dir='ltr'>natus</span> 
     </span>
     <span class='ocr_line' id='line_1_66' title="bbox 947 1040 1358 1080; baseline 0 -8"><span class='ocrx_word' id='word_1_195' title='bbox 947 1041 1037 1080; x_wconf 77' lang='lat' dir='ltr'>EJ‘us,</span> <span class='ocrx_word' id='word_1_196' title='bbox 1063 1040 1150 1072; x_wconf 92' lang='lat' dir='ltr'>Deus</span> <span class='ocrx_word' id='word_1_197' title='bbox 1175 1041 1358 1073; x_wconf 88' lang='lat' dir='ltr'>incarnatus</span> 
     </span>
     <span class='ocr_line' id='line_1_67' title="bbox 996 1087 1360 1128; baseline 0.003 -9"><span class='ocrx_word' id='word_1_198' title='bbox 996 1087 1111 1120; x_wconf 87' lang='lat' dir='ltr'>Mundi</span> <span class='ocrx_word' id='word_1_199' title='bbox 1135 1096 1194 1128; x_wconf 89' lang='lat' dir='ltr'>per</span> <span class='ocrx_word' id='word_1_200' title='bbox 1219 1089 1360 1120; x_wconf 80' lang='lat' dir='ltr'>exordia.</span> 
     </span>
    </p>
   </div>
   <div class='ocr_carea' id='block_1_39' title="bbox 948 1153 1464 1281">
    <p class='ocr_par' dir='ltr' id='par_1_41' title="bbox 948 1153 1464 1281">
     <span class='ocr_line' id='line_1_68' title="bbox 948 1153 1464 1194; baseline 0.004 -10"><span class='ocrx_word' id='word_1_201' title='bbox 948 1153 1023 1192; x_wconf 80' lang='lat' dir='ltr'>Quis</span> <span class='ocrx_word' id='word_1_202' title='bbox 1048 1153 1231 1186; x_wconf 85' lang='lat' dir='ltr'>Matthaeus</span> <span class='ocrx_word' id='word_1_203' title='bbox 1258 1157 1464 1194; x_wconf 83' lang='lat' dir='ltr'>congregatus</span> 
     </span>
     <span class='ocr_line' id='line_1_69' title="bbox 948 1202 1393 1243; baseline 0 -11"><span class='ocrx_word' id='word_1_204' title='bbox 948 1202 1024 1240; x_wconf 87' lang='lat' dir='ltr'>Ipso</span> <span class='ocrx_word' id='word_1_205' title='bbox 1049 1203 1141 1243; x_wconf 81' lang='lat' dir='ltr'>teste,</span> <span class='ocrx_word' id='word_1_206' title='bbox 1169 1210 1239 1232; x_wconf 89' lang='lat' dir='ltr'>cum</span> <span class='ocrx_word' id='word_1_207' title='bbox 1263 1204 1393 1233; x_wconf 85' lang='lat' dir='ltr'>vocatus</span> 
     </span>
     <span class='ocr_line' id='line_1_70' title="bbox 999 1245 1397 1281; baseline 0.003 -2"><span class='ocrx_word' id='word_1_208' title='bbox 999 1245 1061 1280; x_wconf 77' lang='lat' dir='ltr'>Est</span> <span class='ocrx_word' id='word_1_209' title='bbox 1084 1251 1116 1279; x_wconf 87' lang='lat' dir='ltr'>et</span> <span class='ocrx_word' id='word_1_210' title='bbox 1136 1257 1198 1280; x_wconf 90' lang='lat' dir='ltr'>non</span> <span class='ocrx_word' id='word_1_211' title='bbox 1223 1249 1397 1281; x_wconf 82' lang='lat' dir='ltr'>resisteret.</span> 
     </span>
    </p>
   </div>
   <div class='ocr_carea' id='block_1_40' title="bbox 950 1314 1409 1447">
    <p class='ocr_par' dir='ltr' id='par_1_42' title="bbox 950 1314 1409 1447">
     <span class='ocr_line' id='line_1_71' title="bbox 950 1314 1372 1353; baseline 0.002 -8"><span class='ocrx_word' id='word_1_212' title='bbox 950 1314 989 1346; x_wconf 86' lang='lat' dir='ltr'>In</span> <span class='ocrx_word' id='word_1_213' title='bbox 1016 1314 1142 1345; x_wconf 88' lang='lat' dir='ltr'>domum</span> <span class='ocrx_word' id='word_1_214' title='bbox 1166 1314 1372 1353; x_wconf 85' lang='lat' dir='ltr'>materialem,</span> 
     </span>
     <span class='ocr_line' id='line_1_72' title="bbox 952 1361 1385 1400; baseline -0.002 -6"><span class='ocrx_word' id='word_1_215' title='bbox 952 1361 1016 1394; x_wconf 88' lang='lat' dir='ltr'>Sed</span> <span class='ocrx_word' id='word_1_216' title='bbox 1040 1361 1112 1400; x_wconf 89' lang='lat' dir='ltr'>plus</span> <span class='ocrx_word' id='word_1_217' title='bbox 1136 1361 1385 1393; x_wconf 86' lang='lat' dir='ltr'>intellectualem</span> 
     </span>
     <span class='ocr_line' id='line_1_73' title="bbox 1003 1407 1409 1447; baseline 0.007 -7"><span class='ocrx_word' id='word_1_218' title='bbox 1003 1407 1095 1447; x_wconf 90' lang='lat' dir='ltr'>Cepit</span> <span class='ocrx_word' id='word_1_219' title='bbox 1116 1408 1222 1439; x_wconf 82' lang='lat' dir='ltr'>lumen</span> <span class='ocrx_word' id='word_1_220' title='bbox 1246 1409 1409 1443; x_wconf 81' lang='lat' dir='ltr'>luminum.</span> 
     </span>
    </p>
   </div>
   <div class='ocr_carea' id='block_1_41' title="bbox 954 1473 1413 1609">
    <p class='ocr_par' dir='ltr' id='par_1_43' title="bbox 954 1473 1413 1609">
     <span class='ocr_line' id='line_1_74' title="bbox 955 1473 1413 1517; baseline 0 -11"><span class='ocrx_word' id='word_1_221' title='bbox 955 1473 1151 1517; x_wconf 80' lang='lat' dir='ltr'>Nescientes,</span> <span class='ocrx_word' id='word_1_222' title='bbox 1179 1475 1263 1514; x_wconf 87' lang='lat' dir='ltr'>quod</span> <span class='ocrx_word' id='word_1_223' title='bbox 1289 1477 1413 1506; x_wconf 88' lang='lat' dir='ltr'>creator</span> 
     </span>
     <span class='ocr_line' id='line_1_75' title="bbox 954 1521 1411 1564; baseline 0.002 -11"><span class='ocrx_word' id='word_1_224' title='bbox 954 1521 1069 1553; x_wconf 88' lang='lat' dir='ltr'>Mundi</span> <span class='ocrx_word' id='word_1_225' title='bbox 1094 1521 1180 1553; x_wconf 87' lang='lat' dir='ltr'>venit</span> <span class='ocrx_word' id='word_1_226' title='bbox 1206 1525 1237 1553; x_wconf 88' lang='lat' dir='ltr'>et</span> <span class='ocrx_word' id='word_1_227' title='bbox 1261 1522 1411 1564; x_wconf 82' lang='lat' dir='ltr'>salvator,</span> 
     </span>
     <span class='ocr_line' id='line_1_76' title="bbox 1003 1568 1380 1609; baseline 0.003 -8"><span class='ocrx_word' id='word_1_228' title='bbox 1003 1568 1049 1601; x_wconf 84' lang='lat' dir='ltr'>Ut</span> <span class='ocrx_word' id='word_1_229' title='bbox 1073 1569 1257 1609; x_wconf 87' lang='lat' dir='ltr'>redemptor</span> <span class='ocrx_word' id='word_1_230' title='bbox 1280 1568 1380 1602; x_wconf 85' lang='lat' dir='ltr'>fieret.</span> 
     </span>
    </p>
   </div>
   <div class='ocr_carea' id='block_1_42' title="bbox 957 1635 1423 1764">
    <p class='ocr_par' dir='ltr' id='par_1_44' title="bbox 957 1635 1423 1764">
     <span class='ocr_line' id='line_1_77' title="bbox 957 1635 1423 1675; baseline 0.002 -9"><span class='ocrx_word' id='word_1_231' title='bbox 957 1635 1053 1667; x_wconf 85' lang='lat' dir='ltr'>Unde</span> <span class='ocrx_word' id='word_1_232' title='bbox 1076 1636 1179 1675; x_wconf 84' lang='lat' dir='ltr'>major</span> <span class='ocrx_word' id='word_1_233' title='bbox 1203 1635 1278 1667; x_wconf 87' lang='lat' dir='ltr'>hinc</span> <span class='ocrx_word' id='word_1_234' title='bbox 1304 1636 1423 1667; x_wconf 84' lang='lat' dir='ltr'>creanti</span> 
     </span>
     <span class='ocr_line' id='line_1_78' title="bbox 957 1682 1387 1722; baseline 0.005 -9"><span class='ocrx_word' id='word_1_235' title='bbox 957 1682 1166 1722; x_wconf 84' lang='lat' dir='ltr'>Redemptori</span> <span class='ocrx_word' id='word_1_236' title='bbox 1190 1692 1228 1715; x_wconf 87' lang='lat' dir='ltr'>ac</span> <span class='ocrx_word' id='word_1_237' title='bbox 1253 1683 1387 1715; x_wconf 84' lang='lat' dir='ltr'>salvanti</span> 
     </span>
     <span class='ocr_line' id='line_1_79' title="bbox 1007 1729 1324 1764; baseline 0.006 -3"><span class='ocrx_word' id='word_1_238' title='bbox 1007 1729 1151 1762; x_wconf 86' lang='lat' dir='ltr'>Debetur</span> <span class='ocrx_word' id='word_1_239' title='bbox 1171 1731 1324 1764; x_wconf 82' lang='lat' dir='ltr'>laudatio,</span> 
     </span>
    </p>
   </div>
   <div class='ocr_carea' id='block_1_43' title="bbox 959 1796 1446 1933">
    <p class='ocr_par' dir='ltr' id='par_1_45' title="bbox 959 1796 1446 1933">
     <span class='ocr_line' id='line_1_80' title="bbox 961 1796 1343 1836; baseline 0 -7"><span class='ocrx_word' id='word_1_240' title='bbox 961 1796 1078 1829; x_wconf 79' lang='lat' dir='ltr'>Christi</span> <span class='ocrx_word' id='word_1_241' title='bbox 1104 1797 1137 1828; x_wconf 87' lang='lat' dir='ltr'>in</span> <span class='ocrx_word' id='word_1_242' title='bbox 1163 1797 1343 1836; x_wconf 88' lang='lat' dir='ltr'>apostolatu</span> 
     </span>
     <span class='ocr_line' id='line_1_81' title="bbox 959 1844 1446 1885; baseline 0.002 -10"><span class='ocrx_word' id='word_1_243' title='bbox 959 1844 1087 1884; x_wconf 67' lang='lat' dir='ltr'>Mai-tyr</span> <span class='ocrx_word' id='word_1_244' title='bbox 1111 1844 1240 1876; x_wconf 85' lang='lat' dir='ltr'>tandem</span> <span class='ocrx_word' id='word_1_245' title='bbox 1265 1845 1446 1885; x_wconf 77' lang='lat' dir='ltr'>principatu</span> 
     </span>
     <span class='ocr_line' id='line_1_82' title="bbox 1012 1891 1404 1933; baseline 0 -9"><span class='ocrx_word' id='word_1_246' title='bbox 1012 1891 1098 1924; x_wconf 90' lang='lat' dir='ltr'>Coeli</span> <span class='ocrx_word' id='word_1_247' title='bbox 1123 1894 1210 1923; x_wconf 84' lang='lat' dir='ltr'>stans</span> <span class='ocrx_word' id='word_1_248' title='bbox 1234 1892 1268 1923; x_wconf 93' lang='lat' dir='ltr'>in</span> <span class='ocrx_word' id='word_1_249' title='bbox 1294 1892 1404 1933; x_wconf 83' lang='lat' dir='ltr'>gloria.</span> 
     </span>
    </p>
   </div>
   <div class='ocr_carea' id='block_1_44' title="bbox 961 1957 1411 2085">
    <p class='ocr_par' dir='ltr' id='par_1_46' title="bbox 961 1957 1411 2085">
     <span class='ocr_line' id='line_1_83' title="bbox 961 1957 1368 1997; baseline 0.002 -8"><span class='ocrx_word' id='word_1_250' title='bbox 961 1957 1066 1997; x_wconf 86' lang='lat' dir='ltr'>Supra</span> <span class='ocrx_word' id='word_1_251' title='bbox 1088 1958 1194 1989; x_wconf 88' lang='lat' dir='ltr'>nivem</span> <span class='ocrx_word' id='word_1_252' title='bbox 1220 1957 1368 1990; x_wconf 80' lang='lat' dir='ltr'>dealbata</span> 
     </span>
     <span class='ocr_line' id='line_1_84' title="bbox 962 2004 1411 2045; baseline 0.004 -10"><span class='ocrx_word' id='word_1_253' title='bbox 962 2004 1051 2036; x_wconf 85' lang='lat' dir='ltr'>Stola</span> <span class='ocrx_word' id='word_1_254' title='bbox 1076 2005 1153 2044; x_wconf 87' lang='lat' dir='ltr'>ejus,</span> <span class='ocrx_word' id='word_1_255' title='bbox 1182 2004 1296 2044; x_wconf 76' lang='lat' dir='ltr'>byssus</span> <span class='ocrx_word' id='word_1_256' title='bbox 1321 2008 1411 2045; x_wconf 80' lang='lat' dir='ltr'>grata</span> 
     </span>
     <span class='ocr_line' id='line_1_85' title="bbox 1011 2052 1370 2085; baseline 0 0"><span class='ocrx_word' id='word_1_257' title='bbox 1011 2052 1166 2085; x_wconf 79' lang='lat' dir='ltr'>Contexta</span> <span class='ocrx_word' id='word_1_258' title='bbox 1190 2052 1370 2085; x_wconf 82' lang='lat' dir='ltr'>subtilibus.</span> 
     </span>
    </p>
   </div>
   <div class='ocr_carea' id='block_1_45' title="bbox 962 2117 1417 2252">
    <p class='ocr_par' dir='ltr' id='par_1_47' title="bbox 962 2117 1417 2252">
     <span class='ocr_line' id='line_1_86' title="bbox 963 2117 1392 2158; baseline -0.002 -8"><span class='ocrx_word' id='word_1_259' title='bbox 963 2117 1057 2150; x_wconf 86' lang='lat' dir='ltr'>Felix</span> <span class='ocrx_word' id='word_1_260' title='bbox 1079 2118 1150 2157; x_wconf 88' lang='lat' dir='ltr'>pius</span> <span class='ocrx_word' id='word_1_261' title='bbox 1176 2120 1209 2149; x_wconf 89' lang='lat' dir='ltr'>et</span> <span class='ocrx_word' id='word_1_262' title='bbox 1231 2117 1392 2158; x_wconf 84' lang='lat' dir='ltr'>perfectus</span> 
     </span>
     <span class='ocr_line' id='line_1_87' title="bbox 962 2164 1362 2205; baseline 0 -9"><span class='ocrx_word' id='word_1_263' title='bbox 962 2164 1014 2196; x_wconf 77' lang='lat' dir='ltr'>Ex</span> <span class='ocrx_word' id='word_1_264' title='bbox 1038 2165 1138 2197; x_wconf 80' lang='lat' dir='ltr'>amico</span> <span class='ocrx_word' id='word_1_265' title='bbox 1162 2168 1194 2196; x_wconf 84' lang='lat' dir='ltr'>et</span> <span class='ocrx_word' id='word_1_266' title='bbox 1217 2164 1362 2205; x_wconf 81' lang='lat' dir='ltr'>profecto</span> 
     </span>
     <span class='ocr_line' id='line_1_88' title="bbox 1012 2211 1417 2252; baseline 0 -9"><span class='ocrx_word' id='word_1_267' title='bbox 1012 2211 1108 2251; x_wconf 85' lang='lat' dir='ltr'>Cujus</span> <span class='ocrx_word' id='word_1_268' title='bbox 1133 2212 1186 2243; x_wconf 90' lang='lat' dir='ltr'>hic</span> <span class='ocrx_word' id='word_1_269' title='bbox 1210 2212 1417 2252; x_wconf 78' lang='lat' dir='ltr'>magnipolus.</span> 
     </span>
    </p>
   </div>
   <div class='ocr_carea' id='block_1_46' title="bbox 194 2292 1508 2406">
    <p class='ocr_par' dir='ltr' id='par_1_48' title="bbox 194 2292 1508 2406">
     <span class='ocr_line' id='line_1_89' title="bbox 269 2292 1507 2330; baseline 0.003 -11"><span class='ocrx_word' id='word_1_270' title='bbox 269 2293 352 2320; x_wconf 88' lang='lat' dir='ltr'>Miss.</span> <span class='ocrx_word' id='word_1_271' title='bbox 373 2303 425 2320; x_wconf 80' lang='lat' dir='ltr'>ms.</span> <span class='ocrx_word' id='word_1_272' title='bbox 447 2295 545 2322; x_wconf 78' lang='lat' dir='ltr'>Cellae</span> <span class='ocrx_word' id='word_1_273' title='bbox 566 2296 730 2330; x_wconf 82' lang='lat' dir='ltr'>principum</span> <span class='ocrx_word' id='word_1_274' title='bbox 751 2295 821 2321; x_wconf 82' lang='lat' dir='ltr'>anni</span> <span class='ocrx_word' id='word_1_275' title='bbox 838 2292 920 2321; x_wconf 80' lang='lat'>1487.</span> <span class='ocrx_word' id='word_1_276' title='bbox 943 2295 1016 2321; x_wconf 88' lang='lat' dir='ltr'>Clm.</span> <span class='ocrx_word' id='word_1_277' title='bbox 1028 2295 1197 2323; x_wconf 79' lang='lat' dir='ltr'>Monacens.</span> <span class='ocrx_word' id='word_1_278' title='bbox 1212 2293 1295 2323; x_wconf 76' lang='lat'>7204.</span> <span class='ocrx_word' id='word_1_279' title='bbox 1316 2294 1351 2321; x_wconf 79' lang='lat' dir='ltr'>A.</span> <span class='ocrx_word' id='word_1_280' title='bbox 1371 2308 1408 2313; x_wconf 86' lang='lat'>—</span> <span class='ocrx_word' id='word_1_281' title='bbox 1424 2294 1507 2323; x_wconf 82' lang='lat' dir='ltr'>Miss-</span> 
     </span>
     <span class='ocr_line' id='line_1_90' title="bbox 195 2329 1508 2370; baseline 0.003 -13"><span class='ocrx_word' id='word_1_282' title='bbox 195 2338 247 2357; x_wconf 69' lang='lat' dir='ltr'>ms.</span> <span class='ocrx_word' id='word_1_283' title='bbox 267 2330 445 2358; x_wconf 68' lang='lat' dir='ltr'>Monacense</span> <span class='ocrx_word' id='word_1_284' title='bbox 464 2330 500 2359; x_wconf 80' lang='lat'>23</span> <span class='ocrx_word' id='word_1_285' title='bbox 509 2330 566 2360; x_wconf 82' lang='lat'>278</span> <span class='ocrx_word' id='word_1_286' title='bbox 586 2341 661 2359; x_wconf 86' lang='lat' dir='ltr'>saec.</span> <span class='ocrx_word' id='word_1_287' title='bbox 674 2331 718 2359; x_wconf 88' lang='lat'>15.</span> <span class='ocrx_word' id='word_1_288' title='bbox 731 2333 763 2359; x_wconf 83' lang='lat' dir='ltr'>B.</span> <span class='ocrx_word' id='word_1_289' title='bbox 784 2347 822 2351; x_wconf 91' lang='lat'><strong>—</strong></span> <span class='ocrx_word' id='word_1_290' title='bbox 843 2330 892 2365; x_wconf 77' lang='lat' dir='ltr'>la,</span> <span class='ocrx_word' id='word_1_291' title='bbox 912 2329 930 2359; x_wconf 88' lang='lat'><strong>3</strong></span> <span class='ocrx_word' id='word_1_292' title='bbox 951 2333 1028 2360; x_wconf 82' lang='lat' dir='ltr'>Rore</span> <span class='ocrx_word' id='word_1_293' title='bbox 1051 2333 1138 2368; x_wconf 82' lang='lat' dir='ltr'>plena</span> <span class='ocrx_word' id='word_1_294' title='bbox 1156 2333 1190 2359; x_wconf 86' lang='lat' dir='ltr'>A.</span> <span class='ocrx_word' id='word_1_295' title='bbox 1211 2346 1250 2351; x_wconf 89' lang='lat'>—</span> <span class='ocrx_word' id='word_1_296' title='bbox 1271 2331 1322 2362; x_wconf 82' lang='lat' dir='ltr'>lb,</span> <span class='ocrx_word' id='word_1_297' title='bbox 1345 2331 1360 2359; x_wconf 87' lang='lat'>1</span> <span class='ocrx_word' id='word_1_298' title='bbox 1383 2332 1430 2359; x_wconf 82' lang='lat' dir='ltr'>Ex</span> <span class='ocrx_word' id='word_1_299' title='bbox 1452 2342 1508 2370; x_wconf 78' lang='lat' dir='ltr'>qno</span> 
     </span>
     <span class='ocr_line' id='line_1_91' title="bbox 194 2365 1273 2406; baseline 0.003 -13"><span class='ocrx_word' id='word_1_300' title='bbox 194 2367 228 2394; x_wconf 83' lang='grc' dir='ltr'>Β.</span> <span class='ocrx_word' id='word_1_301' title='bbox 249 2383 287 2387; x_wconf 91' lang='lat'>—</span> <span class='ocrx_word' id='word_1_302' title='bbox 306 2365 363 2399; x_wconf 71' lang='lat'>31»,</span> <span class='ocrx_word' id='word_1_303' title='bbox 386 2367 400 2395; x_wconf 90' lang='lat'>1</span> <span class='ocrx_word' id='word_1_304' title='bbox 427 2370 506 2402; x_wconf 77' lang='lat' dir='ltr'>Quos</span> <span class='ocrx_word' id='word_1_305' title='bbox 524 2370 693 2397; x_wconf 84' lang='lat' dir='ltr'>Matthaeus</span> <span class='ocrx_word' id='word_1_306' title='bbox 713 2371 905 2406; x_wconf 81' lang='lat' dir='ltr'>congregatos</span> <span class='ocrx_word' id='word_1_307' title='bbox 925 2370 959 2396; x_wconf 87' lang='lat' dir='ltr'>A.</span> <span class='ocrx_word' id='word_1_308' title='bbox 981 2385 1017 2389; x_wconf 89' lang='lat'>—</span> <span class='ocrx_word' id='word_1_309' title='bbox 1039 2369 1089 2405; x_wconf 75' lang='lat' dir='ltr'>6b,</span> <span class='ocrx_word' id='word_1_310' title='bbox 1113 2370 1127 2398; x_wconf 88' lang='lat'>1</span> <span class='ocrx_word' id='word_1_311' title='bbox 1149 2370 1219 2398; x_wconf 85' lang='lat' dir='ltr'>Inde</span> <span class='ocrx_word' id='word_1_312' title='bbox 1239 2370 1273 2397; x_wconf 77' lang='lat' dir='ltr'>A.</span> 
     </span>
    </p>
   </div>
  </div>
 </body>
</html>
