1653 2632
709 113 967 148 —140—

183 203 241 234 3a.
267 201 402 235 Sanctae
426 213 507 243 puer
531 205 680 244 puritatis
867 209 929 242 3b.
948 210 1064 242 Trevir
1088 210 1172 242 hunc
1197 212 1428 253 archilevitam,

266 249 345 281 Tam
372 250 535 283 doctrinae
560 261 653 292 quam
678 254 791 285 aetatis
950 256 1020 289 Sibi
1044 265 1118 288 mox
1142 257 1424 292 archimandritam

313 297 521 331 Incrementis
545 299 691 340 proficit;
994 303 1177 343 Agrippina
1200 304 1356 344 praeficit.

182 353 240 384 4a.
268 353 397 394 Spargit
422 363 508 396 opeS‚
534 357 654 396 templa
678 357 782 399 struit,
866 358 926 392 4b.
950 359 1107 391 Visitatur
1130 369 1151 392 a
1174 360 1330 400 columba,

265 400 363 433 Verbi
387 401 449 433 Dei
473 412 589 435 manna
612 404 694 443 pluit
948 406 1087 438 Mortem
1113 410 1229 450 gustat,
1256 417 1349 441 sacra
1372 409 1482 441 tumba

313 448 431 480 Ovibus
457 450 565 490 opilio,
996 454 1112 493 Aegris
1138 457 1187 486 est
1210 455 1338 490 auxilio.

180 503 237 534 5a.
264 502 372 543 Salva,
398 508 492 543 pater
518 505 697 547 Cuniberte,
866 508 926 542 5b.
950 509 1027 541 Post
1052 510 1193 542 caducae
1215 511 1301 543 vitae
1327 512 1450 544 caulam

265 548 371 590 Salva,
398 554 519 593 pastor,
546 555 630 585 tutas
655 563 715 593 per
739 557 771 586 te
948 556 1051 588 Tuum
1080 566 1207 598 gregem
1235 559 1297 590 duc
1320 560 1362 591 ad
1388 560 1493 592 aulam

312 596 393 629 Oves
418 601 492 630 tuae
514 609 670 642 pascuae3
998 604 1128 637 Gloriae
1152 609 1336 646 perpetuae.

255 671 342 698 Grad.
363 681 416 700 ms.
438 672 598 703 Sanctensu
627 685 642 700 t.
663 677 738 712 sign.
759 685 835 704 saec.
858 676 894 705 15
916 687 959 705 ex.

608 804 670 836 184.
709 805 752 836 De
772 806 880 837 sancto
900 806 1055 846 Dionysio.

178 880 233 912 la.
262 879 384 921 Gaude,
412 887 517 914 turma
543 884 755 924 triumphalis,
864 886 923 919 1b.
946 887 1065 919 Turma
1089 888 1175 920 laeta
1199 891 1302 921 morte
1326 893 1436 929 spreta

259 928 380 960 Turma
402 938 528 969 pugnae
559 931 707 970 spiritalis
945 934 1049 966 Rosas
1073 936 1201 974 plantas
1227 939 1259 967 et
1282 940 1391 969 roseta

306 973 436 1008 Pollens
462 977 641 1018 privilegio,
993 982 1044 1014 De
1069 983 1171 1014 crucis
1195 985 1362 1024 martyrio.

175 1032 233 1063 2a.
260 1031 324 1063 Vos
352 1032 392 1064 de
416 1034 500 1065 valle
525 1034 666 1075 visionis,
862 1037 923 1071 2b.
944 1038 1009 1070 Vos
1032 1039 1072 1070 de
1096 1040 1211 1071 throno
1238 1040 1424 1081 Salomonis,

257 1079 321 1110 Vos
348 1083 509 1112 consortes
535 1082 694 1120 passionis
945 1085 1010 1117 Vos
1037 1086 1077 1117 de
1101 1086 1186 1119 bello
1217 1087 1378 1120 Gedeonis

303 1126 349 1158 Et
374 1127 493 1160 Christi
518 1129 682 1170 victoriae,
993 1132 1088 1165 Serta
1111 1133 1203 1166 fertis
1228 1135 1359 1175 gloriae.

175 1183 230 1215 3a.
259 1183 323 1214 Vos
350 1184 515 1217 columnae
541 1186 723 1227 deauratae,
861 1189 921 1221 ab.
942 1189 1006 1221 Per
1031 1199 1088 1222 vos
1115 1190 1253 1223 fractum
1281 1193 1487 1235 alabastrum,

259 1229 369 1273 BaseS,
399 1232 500 1271 pelles
525 1233 707 1266 rubricatae
944 1235 1007 1267 Per
1016 1246 1071 1269 vos
1082 1247 1207 1271 cursum
1216 1241 1487 1280 tenet-,plaustrum

307 1277 431 1310 Galaad
455 1282 553 1319 mart)
561 1280 620 1321 rii;
992 1283 1144 1317 Sanctum
1170 1287 1336 1328 evangelii.

173 1334 233 1367 4a.
259 1334 375 1366 Vester
398 1340 525 1376 sanguis
553 1345 661 1368 verum
682 1338 798 1377 lumen,
859 1339 921 1373 4b.
945 1340 1021 1373 Sion
1048 1340 1165 1374 fundat
1190 1346 1220 1374 et
1245 1343 1372 1385 figurat,

256 1381 491 1414 Fulcimentum
517 1386 547 1415 et
572 1383 714 1417 bitumen
942 1387 1051 1427 Ornat,
1079 1390 1161 1429 polit
1185 1394 1217 1422 et
1241 1392 1381 1431 picturat

304 1429 415 1461 Totius
442 1431 604 1471 ecclesiae,
989 1437 1109 1468 Forma
1132 1447 1235 1471 novae
1260 1440 1391 1480 gratiae.

174 1485 230 1517 5a.
254 1485 316 1517 Ore
340 1484 467 1527 florens,
493 1487 638 1528 Dionysi,
860 1491 918 1526 5b.
942 1493 989 1524 Te
1016 1494 1177 1526 collaudat
1203 1498 1236 1527 et
1260 1496 1405 1538 honorat,

254 1532 343 1565 Inter
366 1532 462 1566 fiores
486 1535 639 1575 paradysi
941 1540 1038 1572 Suum
1065 1542 1142 1573 colit
1166 1545 1198 1574 et
1222 1544 1337 1576 adorat

303 1580 441 1620 Speciali
467 1583 579 1622 gloria,
989 1589 1179 1628 Apostolum
1206 1590 1320 1624 Gallia.

171 1637 228 1669 6a.
255 1637 294 1669 In
320 1646 379 1677 qua
404 1642 516 1671 sancta
539 1638 665 1680 fulgens
688 1641 754 1673 vita
858 1644 917 1677 eb.
941 1646 1049 1678 Primo
1075 1647 1194 1679 sudans
1219 1648 1253 1679 in
1278 1658 1379 1690 agone

254 1684 384 1725 Missus,
411 1686 617 1727 Areopagita,
940 1692 990 1725 De
1014 1702 1107 1725 rosea
1131 1695 1282 1734 passione

301 1731 395 1764 Fidei
419 1734 475 1765 lux
499 1735 641 1776 praevia,
988 1741 1146 1773 Plantasti
1169 1744 1301 1777 rosaria.

170 1788 189 1820 7
197 1797 226 1820 a.
253 1789 317 1821 Vos
342 1789 417 1821 huic
441 1799 534 1823 rosae
556 1792 771 1834 complantati,
858 1795 915 1828 7b.
937 1796 1091 1829 Fructum
1117 1797 1210 1831 fertis
1236 1803 1269 1831 et
1293 1801 1455 1843 honorem,

252 1837 315 1868 Vos
342 1845 412 1869 cum
438 1846 474 1870 eo
500 1840 670 1879 purpurati
938 1844 1140 1885 Aequisitum
1165 1855 1226 1887 per
1251 1856 1394 1880 cruorem

297 1884 490 1919 Rubicunda
514 1887 633 1927 laurea,
987 1892 1063 1924 Cum
1089 1894 1173 1927 stola
1195 1904 1369 1936 purpurea.

168 1940 224 1973 Sa.
254 1940 332 1974 Cum
357 1951 413 1974 vos
439 1942 620 1976 reformetis
646 1944 765 1977 bullam
856 1947 914 1981 8b.
935 1948 1002 1981 Nos
1028 1949 1173 1983 formetis
1198 1952 1241 1984 ad
1266 1962 1399 1994 agonem

251 1988 410 2021 Passionis
436 1993 468 2021 et
492 1991 665 2023 medullam
938 1995 981 2027 Et
1005 1997 1161 2029 intentam
1186 2001 1368 2038 passionem

297 2037 441 2069 Invictae
466 2040 673 2079 constantiae,
986 2043 1169 2077 Praesentis
1193 2047 1338 2080 militiae.

240 2110 324 2138 Miss.
345 2120 399 2138 ms.
420 2112 450 2139 S.
470 2113 610 2147 Dionysii
625 2121 701 2141 saec.
723 2113 768 2141 14.
790 2115 860 2143 Cod.
874 2117 1034 2145 Parisiens.
1057 2117 1139 2147 1207.
1154 2135 1193 2140 —
1206 2122 1264 2150 Mil:
1277 2124 1346 2151 Mel.
1366 2136 1405 2146 =
1422 2124 1483 2152 Ho-

163 2147 283 2175 diernae
300 2149 352 2176 lux
371 2149 438 2177 diei.

592 2252 654 2284 185.
693 2253 736 2284 De
757 2254 864 2285 saneto
887 2254 1044 2295 Dionysio.

164 2317 220 2350 la.
247 2318 393 2350 Pretiosa
415 2328 501 2351 mors
526 2324 707 2353 sanctorum
851 2323 909 2358 1b.
932 2325 1022 2358 Mors
1047 2327 1143 2359 beata
1167 2329 1317 2363 dedicata

293 2365 332 2397 In
358 2370 529 2406 conspectu
553 2368 692 2408 Domini,
981 2373 1161 2408 Christiano
1185 2377 1315 2411 nomini.
