1653 2632
718 107 979 145 -194ψ-ἦ

203 214 258 245 9a.
285 210 448 243 Scandens
473 212 567 244 505115
596 220 666 242 cum
689 213 824 250 parente
882 211 943 245 912.
965 206 1076 238 Virum
1101 205 1197 237 istum
1224 205 1444 247 deposcamus,

283 258 344 290 Die
368 256 449 289 festo
474 258 665 296 imminente,
960 254 1007 287 Ut
1032 263 1102 285 cum
1126 253 1187 285 hoc
1210 252 1419 292 inveniamus,

228 309 234 315 ‘
282 305 344 337 Est
366 305 513 336 inventus
537 314 557 337 a
582 306 708 337 dolente
962 304 1060 343 Quem
1085 300 1238 332 offensum
1263 298 1482 340 formidamus,

329 352 504 392 Disputans
528 355 601 391 post
624 352 783 392 triduum;
1009 349 1178 381 Dominum
1203 346 1401 379 meffifluum.

276 426 355 454 Orat.
380 436 423 454 ms
461 435 536 454 saec.
559 426 604 454 15.
628 427 683 454 Hs.
710 425 795 455 7955.
825 427 875 454 der
901 426 929 453 k.
955 436 984 453 11.
1010 426 1040 452 k.
1067 423 1506 452 Familien-Fidei-Kommiss-

198 464 533 529 gi'ssfcttlffisskenffilfftel'
555 464 710 499 jedenfalls
731 465 781 493 der
800 464 932 501 Sequenz
952 463 1087 500 gleichen
1106 462 1237 497 Anfangs
1258 461 1309 489 des
1329 461 1423 489 Adam
1447 470 1505 489 von

633 621 700 652 259.
738 622 781 653 De
803 622 910 653 sancto
931 621 1055 662 Joseph.

197 700 256 733 13.
280 699 334 731 Ad
359 700 479 739 Joseph
503 700 640 731 mittitur
878 701 934 733 lb.
957 701 1032 733 Noli
1055 703 1206 740 metuere,

195 946 250 976 2a.

195 1189 250 1221 33.

192 1435 249 1464 43.

191 1678 248 1709 5a.

191 1922 246 1954 63.

191 2165 246 2197 73.

278 747 316 778 In
341 755 449 778 somno
473 746 611 787 nuntius,

278 792 403 825 Justum
428 793 600 833 alloquitur

278 840 409 879 Spirans
434 840 566 872 interius

322 888 496 919 Assensum
520 888 650 921 numini.

277 943 350 975 Tibi
374 952 432 976 rex
455 945 576 984 gloriae

275 990 412 1022 Mariam
439 992 574 1031 copulat,

277 1038 364 1069 Mira
387 1038 435 1070 vis
459 1039 581 1078 gratiae

275 1085 431 1117 Pudicum
458 1086 599 1125 postulat

321 1133 393 1164 Hoc
416 1133 659 1165 matrimonium.

277 1187 327 1219 Sis
352 1188 428 1219 licet
453 1190 594 1221 conscius

275 1234 365 1273 Quod
388 1235 485 1267 habet
507 1235 617 1276 filium,

274 1281 343 1313 Eac
363 1282 452 1321 jussa
477 1283 578 1323 citius,

274 1328 357 1360 Dum
381 1329 443 1360 scis
467 1330 663 1371 mysterium,

320 1375 395 1407 Noli
417 1376 477 1407 hoc
500 1377 647 1416 prodere.

278 1431 374 1471 Virgo
399 1433 552 1472 suscipias

275 1478 337 1510 Dei
363 1479 550 1519 depositum,

276 1526 314 1558 In
334 1534 394 1565 quo
418 1525 565 1566 perfiei'as

275 1572 350 1604 Voti
373 1574 570 1613 propositum

319 1619 396 1652 Cum
418 1621 518 1660 prolis
543 1621 654 1661 gratia.

276 1675 409 1709 Nubunt
436 1677 586 1716 angelicis

273 1722 383 1755 Choris
408 1724 602 1763 canentibus,

272 1770 432 1802 Plaudunt
454 1770 625 1803 sanctificis

271 1818 422 1849 Parentes
447 1818 578 1859 lusibus,

320 1864 414 1896 Caste
437 1866 625 1905 tripudiant.

274 1920 445 1961 Cognatam
468 1922 564 1954 visita

271 1969 368 2008 Virgo
395 1969 550 2000 celeriter.

249 2015 328 2046 vVis
352 2024 412 2056 me,
443 2015 573 2056 Joseph,
598 2017 668 2049 ita‘?

270 2062 348 2093 Vult
372 2065 404 2094 et
429 2063 484 2095 dat
507 2064 630 2103 pariter

317 2109 447 2141 Fideles
474 2111 614 2145 comites,

273 2165 334 2204 En,
359 2165 488 2206 Joseph,
514 2169 692 2209 parvulum,

270 2211 428 2244 Decorum
453 2214 593 2255 adspice,

271 2258 331 2298 Da,
356 2259 486 2301 Joseph,
512 2262 662 2303 osculum,

270 2306 345 2343 Fer,
372 2304 453 2347 fove,
480 2307 584 2349 refice,

318 2353 425 2393 Qualis
450 2363 468 2386 o
491 2355 605 2395 gloria!

875 946 934 979 2b.

874 1190 935 1224 3b.

872 1434 931 1467 4b.

872 1678 929 1712 5b.

871 1925 931 1958 6b.

872 2170 929 2203 7b.

959 749 1071 781 Proles
1096 747 1265 788 Davidica,

959 796 1115 834 Sponsam
1140 795 1297 835 accipere,

957 843 1056 876 Jussa
1079 844 1113 874 te
1138 843 1259 874 coelica

1005 889 1139 921 Nubunt
1163 890 1237 921 huic
1260 890 1388 930 virgini.

958 946 1061 979 Crede
1085 946 1305 987 magnanimis,

957 993 1055 1035 Audi,
1081 994 1128 1025 nil
1152 994 1301 1034 haesites,

955 1040 1047 1073 Haec
1071 1043 1146 1072 511111
1169 1050 1284 1081 magna
1307 1042 1412 1082 nimis,

957 1087 1021 1120 Gur
1044 1096 1161 1119 novum
1187 1089 1321 1120 cantites

1001 1135 1262 1174 Epithalamium.

954 1190 1110 1232 Exsurge,
1137 1192 1259 1231 nuntia,

954 1237 1017 1269 Dic
1041 1247 1177 1279 sponsae
1201 1240 1364 1278 protinus:

955 1284 1029 1316 Tibi
1054 1294 1114 1325 me,
1140 1286 1256 1323 Maria,

956 1331 1039 1363 Nam
1062 1332 1124 1364 hoc
1148 1333 1217 1364 vult
1242 1333 1407 1374 Dominus,

1003 1379 1114 1410 Virum
1138 1379 1178 1411 do
1203 1389 1352 1420 propere.

952 1435 1044 1475 Volo,
1070 1435 1155 1475 quod
1179 1436 1318 1477 nuntias,

954 1480 1070 1514 Refert
1091 1482 1254 1514 humiliter

956 1529 1056 1569 Virgo
1083 1529 1162 1561 dans
1187 1531 1326 1571 gratias3

953 1575 1040 1616 Ergo
1065 1577 1251 1609 solemniter

1001 1624 1145 1664 Jungunt
1170 1625 1336 1657 connubia.

952 1679 1056 1711 Dulce
1084 1681 1263 1712 canentium

951 1726 1079 1767 Hymen
1102 1729 1256 1762 inseritur

952 1774 1079 1806 Vehens
1103 1775 1146 1807 ad
1170 1776 1331 1817 gaudium,

955 1821 1046 1860 Quod
1070 1823 1157 1855 coelo
1182 1824 1314 1865 geritur,

999 1869 1044 1901 Et
1067 1870 1133 1901 illis
1158 1871 1292 1906 inhiant.

955 1924 1080 1958 Clamat
1101 1927 1286 1959 Elisabeth:

953 1973 1102 2005 Plausum
1128 1973 1235 2006 infans
1262 1975 1339 2015 edit,

952 2020 1130 2059 Prophetat
1154 2022 1326 2062 quaelibet,

958 2067 1056 2107 Virgo
1081 2068 1211 2100 tandem
1234 2069 1331 2109 redit,

1000 2114 1101 2155 Parit,
1127 2124 1190 2147 neu
1215 2117 1351 2148 dubites.

952 2171 1004 2203 En
1034 2171 1094 2203 tibi
1118 2172 1277 2213 subditur,

954 2218 1014 2257 Qui
1039 2220 1135 2251 coelis
1159 2221 1306 2260 imperat,

954 2265 1071 2306 Servit,
1098 2266 1292 2310 obsequitur,

955 2312 1016 2351 Qui
1039 2314 1192 2346 mundum
1215 2316 1383 2355 temperat,

1005 2360 1030 2393 O
1055 2361 1233 2395 mirabilia!
