1653 2632
723 134 957 169 -49-

182 221 240 253 2a.
266 222 436 263 Templum
460 225 523 258 Dei
548 232 799 262 consummatum

262 268 398 310 Legitur
423 275 456 305 et
480 280 698 309 consecratum

311 318 351 350 In
374 328 484 352 mense
508 321 720 365 septembrio,

179 372 238 407 3a.
265 374 397 416 Virgam
422 378 543 411 siccam
564 378 757 421 fronduisse,

265 421 376 455 Vellus
401 434 476 457 rore
498 427 670 467 maduisse,

260 469 372 510 Ignem
396 473 510 505 rubum
534 483 596 506 non
619 475 750 520 ussisse,

312 518 411 551 Sacra
432 521 544 560 prodit
565 521 701 562 pagina3

178 574 237 607 4a.
263 574 379 606 Totum
405 578 490 616 quod
513 580 560 609 est
585 578 773 622 honestatis,

263 621 399 654 Virtutis
425 627 458 655 et
483 625 638 657 claritatis

310 670 346 701 In
370 671 539 711 scripturis
563 672 711 717 positum,

179 725 235 756 5a.
264 724 364 758 Sedes
388 727 458 760 Deo
483 732 686 770 praeparata,

260 773 405 807 Fiscella
427 775 628 817 bituminata,

261 820 379 853 Matris
404 822 476 855 alvo
503 827 697 867 consecrata,

308 868 395 901 Nata
418 871 536 902 mundo
560 871 674 913 hodie;

178 924 234 958 6a.
261 924 349 957 Arca
371 929 406 957 tu
432 935 465 958 es
492 928 653 968 deaurata,

256 971 378 1005 Domus
402 973 483 1005 bene
510 975 698 1018 columnata,

259 1018 359 1052 Porta
382 1021 461 1052 viris
486 1022 644 1064 obserata,

307 1066 375 1099 Soli
398 1067 467 1100 Deo
492 1070 614 1109 pervia.

177 1122 234 1153 7a.
260 1122 385 1155 Illustri
409 1124 450 1156 de
474 1126 576 1165 stirpe
599 1129 686 1167 nata,

256 1170 296 1202 In
320 1171 456 1203 salutem
480 1172 573 1204 nobis
599 1173 683 1216 data,

304 1217 418 1250 Flecte
440 1222 550 1251 natum
573 1220 734 1260 precibus,

868 233 926 265 ab.
949 232 1000 264 Ita
1021 233 1151 270 clarum,
1178 235 1225 266 sic
1250 235 1384 267 electum

951 279 1114 320 Nusquam
1140 290 1219 321 opus
1245 285 1292 314 est
1311 282 1492 323 perfectum

995 328 1111 360 Mundi
1135 328 1174 360 ab
1199 331 1339 364 exordiO.

869 383 926 416 3b.
950 384 1019 416 Ista
1043 388 1157 417 cuncta
1181 386 1238 418 sed
1264 389 1296 418 et
1318 387 1423 428 plura,

951 431 1037 470 Quae
1062 436 1285 465 commemorat
1308 435 1479 478 scriptura,

950 479 1081 518 Quando
1106 480 1195 521 legis,
1221 490 1335 520 parum
1361 490 1447 522 cura,

1000 526 1080 565 Quia
1102 530 1179 559 sunt
1201 528 1367 561 velamina.

865 581 925 614 4b.
949 583 1001 615 Ad
1026 583 1178 615 honorem
1202 587 1300 626 tuum,
1326 586 1382 625 pia

948 629 1047 670 Virgo
1071 634 1184 672 mater,
1211 641 1229 663 o
1253 632 1369 675 Maria,

992 677 1076 709 Esse
1103 679 1219 711 scimus
1245 680 1374 712 editum.

865 731 923 766 5b.
943 733 1066 765 Manna
1089 738 1232 767 nostrum
1256 738 1292 768 tu
1315 738 1461 778 servasti,

946 780 1013 820 Quo
1037 783 1140 814 nostri
1164 786 1238 815 sunt
1260 787 1368 823 patres
1389 785 1486 827 pasti,

947 827 1012 859 Sed
1030 831 1060 859 et
1078 838 1146 870 nos,
1175 830 1249 862 dum
1265 840 1372 863 sumus
1395 833 1486 873 casti,

991 876 1158 908 Pascimur
1183 878 1334 917 quotidie.

864 930 922 964 6b.
944 931 1019 963 Rite
1043 934 1079 964 tu
1103 942 1158 965 vas
1182 934 1314 975 Elisaei‚

945 978 1020 1010 Rite
1046 980 1156 1012 domus
1183 982 1269 1013 dicta
1293 982 1364 1022 Dei,

946 1025 1015 1064 Qua
1039 1030 1190 1059 curantur
1214 1038 1321 1060 omnes
1346 1030 1395 1061 rei

993 1072 1158 1105 Sumentes
1182 1076 1354 1114 praesidia.

863 1130 881 1161 '7
889 1129 922 1163 b.
943 1129 1026 1160 Esse
1050 1130 1099 1161 sui
1125 1131 1315 1164 cohaeredes

944 1175 991 1208 Ut
1015 1177 1182 1221 possimus,
1209 1178 1263 1210 ubi
1288 1180 1381 1211 sedes

990 1223 1115 1255 Multae
1133 1225 1168 1256 in
1186 1226 1388 1260 coelestibus,

252 1291 325 1319 Clm.
344 1292 514 1321 Monacens.
534 1292 583 1331 (ol.
604 1293 896 1332 Sanemmeramens.)
917 1295 1024 1326 14926.
1046 1306 1121 1326 saec.
1144 1297 1190 1327 15.
1225 1300 1283 1327 Mit
1300 1301 1372 1328 Melr

569 1415 614 1446 57.
654 1416 699 1447 De
718 1416 979 1448 Praesentatione
1000 1417 1088 1449 BMV.

171 1493 230 1524 la.
259 1491 381 1533 Gaude,
405 1493 495 1534 virgo
520 1495 669 1538 gloriosa,

253 1540 335 1580 Ave,
361 1541 507 1580 paradisi
531 1551 615 1583 rosa,

300 1587 405 1629 Salve,
434 1589 530 1621 decus
555 1590 724 1632 virginum,

169 1645 227 1676 2a.
253 1643 366 1678 Infans
389 1646 478 1685 patri
503 1646 641 1679 obedisti

248 1691 294 1724 Et
317 1693 442 1733 asylum
467 1694 619 1735 introisti,

297 1739 364 1772 Ubi
392 1740 496 1773 Deum
522 1742 651 1782 coleres,

165 1795 223 1828 δα.
250 1796 370 1837 Legem
395 1798 455 1831 tibi
479 1799 630 1839 statuisti,

251 1843 352 1882 Quam
378 1845 494 1877 devote
517 1843 683 1885 perfecisti

300 1891 419 1923 Vivens
443 1893 645 1935 regulariter,

164 1950 222 1980 4a.
250 1947 358 1980 Noctu
383 1950 510 1989 quando
536 1950 726 1992 dormitasti,

252 1994 358 2029 Corde
382 1997 475 2029 simul
499 1998 640 2038 vigilasti

297 2043 468 2085 Nunquam
494 2054 610 2078 vacans
634 2047 710 2090 otio,

163 2101 221 2134 5a.
247 2101 312 2133 Per
338 2110 432 2141 quam
458 2105 588 2135 cunctos
608 2104 792 2144 praetulisti

247 2150 299 2180 Ac
321 2157 383 2189 per
405 2150 497 2183 illam
519 2152 664 2183 meruisti

293 2197 446 2230 Invenire
469 2198 615 2239 gratiam,

159 2255 217 2288 6a.
243 2254 361 2287 Redde
385 2263 472 2297 ergo,
497 2258 601 2287 mater
625 2255 754 2297 Christi,

242 2301 398 2342 Gratiam,
426 2312 520 2344 quam
543 2304 704 2347 invenisti,

241 2350 408 2383 Peccatori
434 2351 530 2384 valde
554 2351 641 2384 tristi

287 2399 498 2439 Impetrando
521 2400 656 2434 veniam.

211 2458 340 2485 Dreros.
355 2458 500 2487 sequentiae
512 2458 629 2483 ineditae.
662 2459 694 2482 11.

858 1496 915 1529 lb.
938 1497 1159 1530 Hebraeorum
1184 1499 1287 1539 stirpe
1310 1502 1398 1541 nata,

938 1544 1146 1577 Peccatorum
1171 1546 1337 1587 advocata,

986 1593 1182 1634 Angelorum
1208 1594 1367 1634 gaudium.

856 1648 916 1682 ab.
941 1649 1187 1682 Conternantem
1212 1654 1245 1682 te
1268 1651 1370 1683 litasti

937 1696 983 1729 Et
1005 1697 1037 1728 in
1063 1698 1183 1738 templo
1208 1699 1379 1738 protelasti

985 1744 1097 1776 Donec
1121 1746 1190 1777 viro
1214 1746 1363 1779 nuberes,

855 1800 915 1834 sb.
937 1801 1036 1833 Mane
1060 1801 1164 1833 Deum
1190 1803 1332 1834 exorasti

936 1848 982 1879 Et
1006 1848 1123 1881 exinde
1146 1849 1300 1882 laborasti

983 1895 1104 1928 Libens
1131 1899 1163 1928 et
1185 1897 1344 1929 hilariter¹

853 1951 912 1984 4b.
937 1952 962 1985 Ο
989 1962 1083 1993 quam
1108 1952 1187 1985 felix
1212 1957 1245 1985 et
1267 1954 1375 1999 beata,

937 2000 1012 2032 Tibi
1036 1999 1131 2042 frugi,
1156 2001 1226 2033 Deo
1251 2004 1343 2042 grata

981 2047 1058 2080 Fuit
1083 2049 1164 2081 haec
1189 2049 1326 2084 devotio.

851 2104 910 2138 5b.
938 2104 1036 2144 Quam
1064 2106 1171 2138 amisit
1193 2107 1424 2148 protoplastus,

936 2152 996 2191 Qui
1019 2153 1054 2185 in
1077 2154 1229 2194 paradiso
1254 2153 1356 2187 fastus

981 2201 1096 2233 Intulit
1119 2202 1290 2235 miseriam.

851 2257 910 2292 6b.
931 2257 1030 2291 Salva
1052 2261 1181 2291 cunctos
1206 2259 1407 2299 poenitentes

931 2306 1072 2338 Matrem
1096 2306 1158 2338 Dei
1182 2310 1216 2339 te
1240 2307 1407 2340 credentes

930 2354 977 2386 Et
1001 2357 1185 2394 corruptam
1208 2364 1272 2388 non
1297 2354 1438 2388 fatentes

981 2401 1047 2434 Sed
1071 2401 1204 2436 infantis
1229 2402 1337 2438 filiam.

1284 2459 1304 2488 4
