1653 2632
658 127 915 162 —116—

567 222 630 254 149.
668 220 711 251 De
729 219 839 251 sancta
856 217 1009 249 Barbara.

139 301 195 334 la.
223 298 335 331 Gaude
358 305 441 328 nova
463 293 664 327 Hierusalem

220 346 259 378 In
283 349 317 377 te
338 344 435 386 Deus,
461 342 612 382 princeps
637 338 752 376 Salem,

267 393 365 425 Trino
392 389 515 430 fulgens
543 386 680 427 numine,

139 454 195 485 Za.
222 451 353 483 Trinum
377 448 480 480 Deum
504 453 600 477 unum
624 446 731 474 tamen

219 498 357 534 Patrem,
372 497 491 533 natum,
501 499 625 524 sacrum
635 488 761 527 flamen,

267 543 412 576 Barbara
433 539 587 578 asseruit3

140 606 195 637 32.
223 601 288 635 Sed
311 599 419 631 furore
444 598 537 637 pater
560 597 674 632 tactus,

220 649 288 681 Hos
316 647 391 679 dum
414 647 509 676 natae
536 642 636 674 sensit
661 643 760 681 actus,

268 693 409 734 Virginis
432 691 580 724 interitus

139 756 195 787 4a.
221 753 318 785 Pater
343 751 451 782 manet
474 748 547 780 aula
572 747 706 785 clausus,

220 800 311 833 Haec
336 798 436 838 ipsius
462 803 576 827 cavens
601 801 695 825 ausus

269 846 397 879 Arctius
422 852 457 875 se
481 842 615 874 abdidit.

141 909 196 940 52..
224 904 270 938 Ob
298 903 357 935 hoc
381 903 491 942 pastor
514 898 552 931 fit
574 897 714 938 punitus,

219 952 428 985 Locustarum
452 947 552 979 sensit
570 946 650 977 ritus

271 998 357 1031 Grex
380 998 501 1028 mutata
522 993 647 1034 specie3

141 1060 196 1092 ea.
223 1056 316 1088 Hanc
339 1052 504 1086 tormentis
531 1048 685 1088 cruciari;

220 1103 399 1136 Martianus
423 1097 622 1140 praesentari

272 1150 339 1183 Sibi
361 1148 453 1189 jubet
476 1146 640 1186 virginem.

143 1211 160 1242 ‘7
169 1219 197 1241 a.
224 1208 313 1240 Haec
326 1207 400 1238 dum
413 1204 573 1238 Christum
587 1199 764 1239 confitetur,

223 1255 319 1288 Jussu
343 1251 501 1293 praesidis
525 1251 691 1288 torquetur

271 1300 432 1334 Abscissis
455 1297 616 1330 uberibus.

142 1362 198 1394 Sa.
225 1359 289 1391 Sed
313 1358 374 1390 hac
398 1364 502 1396 poena
523 1354 738 1385 consummata

223 1407 285 1439 Est
308 1415 327 1437 a
350 1407 443 1445 patre
469 1401 627 1435 decollata

272 1453 394 1493 Sponso
417 1452 528 1491 Juncta
553 1447 702 1488 coelitus;

820 287 878 321 lb.
902 287 1027 320 Christo
1051 294 1166 318 novam
1188 283 1392 324 desponsavit

900 334 1023 374 Sponso
1034 341 1191 372 sponsam,
1208 340 1300 371 quam
1311 329 1443 370 dotavit,

947 381 1041 413 Fidei
1066 379 1248 411 munimine.

820 439 878 472 ab.
901 438 992 477 Quod
1017 436 1165 469 fenestris
1189 434 1381 475 propalavit,

900 485 981 518 Tres
1008 485 1083 517 dum
1106 483 1188 515 strui
1211 481 1391 522 imperavit,

947 533 1041 566 Idola
1065 531 1241 564 abhorruit.

821 590 878 624 3b.
898 590 986 623 Ense
1010 588 1102 621 ferox
1123 587 1333 628 machinatur,

901 637 966 671 Sed
990 645 1049 677 per
1073 644 1197 668 murum
1221 633 1424 674 pandebatur

948 685 1010 717 Dei
1035 687 1113 716 nutu
1138 683 1250 715 exitus,

820 743 879 776 4b.
904 742 968 774 Sed
991 741 1075 773 hanc
1099 743 1191 780 pater
1214 739 1384 781 insecutus,

905 789 1004 828 Quam
1029 788 1177 828 opilionis
1201 790 1296 819 nutus

950 836 1148 868 Absconsam
1171 842 1245 865 mox
1269 832 1423 872 prodidit.

823 894 882 928 5b.
902 894 1001 926 Pater
1023 895 1132 924 natam
1155 894 1232 922 tunc
1255 889 1374 921 invasit

903 939 1125 980 Flagellando,
1152 937 1267 970 dehinc
1290 936 1390 967 suasit

951 986 1114 1020 Praesidis
1140 984 1300 1021 saevitiae,

823 1045 879 1078 6b.
901 1044 966 1077 Hic
988 1044 1063 1076 dum
1089 1051 1158 1074 eam
1182 1041 1423 1080 contemplatur,

904 1092 1054 1124 Formam
1078 1091 1198 1122 mirans
1222 1089 1442 1129 perscrutatur

952 1139 1068 1171 Fidem
1093 1140 1125 1169 et
1149 1136 1310 1177 originem.

824 1197 881 1231 7b.
908 1196 1034 1229 Circum
1057 1198 1177 1227 terram
1199 1192 1261 1225 fuit,
1284 1195 1387 1232 vecta,

907 1244 996 1278 Stola
1018 1242 1057 1275 fit
1080 1241 1215 1282 fulgenti
1239 1243 1334 1279 tecta,

952 1291 1039 1323 Hinc
1062 1292 1149 1322 torta
1173 1287 1371 1321 verberibus.

826 1349 884 1383 81).
904 1349 1002 1389 Quem
1027 1356 1086 1387 pro
1110 1346 1203 1378 nobis
1230 1347 1386 1383 exoretur,

907 1396 952 1429 Ut
978 1405 997 1427 a
1020 1397 1123 1426 morte
1146 1402 1204 1425 nos
1232 1393 1378 1433 dignetur

956 1443 1089 1476 Salvare
1112 1441 1274 1473 divinitus

218 1518 354 1554 Sequent.
380 1525 433 1544 ms.
456 1514 675 1543 Cremifanense
700 1513 775 1547 post.
800 1509 883 1537 Miss.
904 1510 1028 1537 Roman.
1055 1508 1125 1543 imp.
1154 1504 1236 1534 1484.
1257 1506 1292 1533 A.
1312 1519 1351 1524 —
1369 1504 1452 1531 Miss.

142 1567 194 1585 ms.
216 1556 440 1591 Salisburgense
468 1554 537 1580 anni
564 1549 635 1579 1431
666 1549 735 1577 Cod.
761 1548 834 1577 bibl.
858 1548 940 1614 gubl.
966 1547 995 1574 V
1015 1544 1033 1573 3
1065 1546 1090 1573 Β
1114 1542 1160 1572 20.
1185 1545 1219 1572 Β.
1239 1560 1277 1563 -
1295 1543 1380 1570 31155.
1400 1550 1453 1569 1115.

143 1597 238 1632 Capit.
262 1594 444 1622 Olomucens.
468 1590 494 1619 1.
515 1598 590 1618 saec.
613 1588 657 1616 15.
680 1587 711 1615 O.
731 1602 770 1606 —
789 1584 839 1621 2a,

899 1586 1025 1613 inseruit
1036 1584 1071 1611 A.
1096 1597 1127 1602 —
1150 1581 1203 1616 2b,
1225 1580 1241 1610 1
1263 1582 1306 1609 Ac
1320 1581 1454 1608 fenestris

144 1634 173 1662 C.
201 1649 238 1654 ——
264 1630 315 1666 3a,
336 1629 354 1659 2
381 1630 440 1658 Hic
464 1630 579 1657 divinos
606 1627 699 1655 sensit
725 1626 759 1652 A.
784 1640 822 1644 —
847 1622 901 1659 3b,
923 1622 938 1651 1
965 1623 1048 1650 Ense
1067 1624 1156 1657 caput
1175 1622 1344 1656 amputatur
1362 1619 1396 1646 B.
1417 1632 1455 1636 —-

142 1671 197 1706 312,
218 1671 236 1699 2
258 1670 312 1698 Cui
332 1678 383 1706 per
402 1676 500 1696 muros
513 1667 547 1694 B.
569 1681 603 1685 —
624 1664 676 1698 4a,
697 1662 714 1691 6
735 1663 792 1691 Sed
811 1663 889 1690 hanc
908 1663 972 1698 ipse
988 1660 1019 1688 O.
1033 1674 1073 1679 -—
1087 1658 1140 1693 410,
1156 1657 1174 1687 3
1187 1658 1268 1686 Hinc
1282 1659 1455 1686 absconsam

142 1710 275 1747 prodidit
292 1709 326 1736 B.
347 1722 383 1726 —
405 1706 454 1741 6a,
478 1704 493 1733 1
513 1704 655 1733 trucidari
676 1701 706 1729 C.
727 1717 764 1721 —
785 1700 836 1732 6a,
857 1698 875 1728 3
891 1700 984 1735 jussit
1002 1699 1060 1726 AB.

574 1796 637 1828 150.
677 1795 721 1827 De
741 1793 852 1826 sancta
869 1791 1023 1823 Barbara.

169 1875 224 1907 111.
249 1873 359 1911 Pange
382 1869 466 1902 festa
490 1867 653 1910 gaudiosa,

250 1919 351 1952 Laeto
376 1918 490 1958 plausu
515 1915 663 1956 gloriosa,

297 1966 405 1999 Mater
431 1973 448 1996 0
475 1963 619 2002 ecclesia,

170 2026 227 2058 2a.
254 2025 293 2057 111
319 2022 440 2054 inculta
465 2023 553 2052 terra
578 2019 688 2058 crevit,

252 2071 339 2110 Quae
362 2069 495 2101 laudare
517 2067 602 2099 Deos
627 2065 759 2105 sprevit,

300 2117 384 2150 Vitis
408 2114 635 2153 saluberrima3

171 2177 228 2209 3a.
254 2175 383 2207 Patrem
408 2172 557 2205 habuisse
580 2169 676 2208 fatur,

252 2222 299 2254 Ut
322 2221 484 2260 scriptura
507 2219 710 2255 memoratur,

299 2268 436 2300 Nomine
458 2267 657 2303 Dioscorum,

170 2330 229 2360 4a.
256 2325 383 2357 Turrim
408 2324 505 2355 altam
529 2323 582 2355 hic
605 2320 733 2359 levavit,

253 2373 292 2406 111
317 2381 378 2412 qua
404 2375 496 2403 caute
521 2368 720 2401 conservavit

300 2415 771 2458 Hancpraedulcemvirginem‚

851 1862 909 1896 lb.
931 1862 1094 1902 Linquens
1120 1863 1225 1892 castra
1248 1858 1433 1898 Babylonis,

935 1909 1059 1950 Sponsa
1083 1907 1171 1940 facta
1201 1906 1389 1946 Salomonis¹

981 1957 1044 1989 Est
1068 1959 1100 1987 et
1124 1955 1201 1987 Sion
1225 1953 1302 1986 filia.

855 2014 913 2048 2b.
936 2014 1034 2045 Flore
1057 2013 1163 2044 vultus
1188 2010 1361 2052 relucebat,

938 2063 1005 2100 Quo
1030 2059 1232 2099 smaragdum
1258 2056 1444 2096 excellebat,

983 2107 1131 2140 Barbara
1152 2105 1377 2147 pulcherrima.

855 2166 913 2200 3b.
932 2164 1049 2197 Mundi
1072 2163 1168 2196 rebus
1193 2162 1444 2203 praepotentem,

934 2213 1042 2245 Vanos
1067 2211 1153 2244 Deos
1178 2210 1236 2242 sed
1262 2209 1416 2240 colentem

984 2261 1083 2293 Juxta
1106 2259 1187 2290 ritus
1212 2259 1399 2296 temporum.

855 2317 915 2351 4b.
936 2317 987 2349 Ne
1012 2317 1081 2357 quis
1107 2316 1174 2355 eJus
1197 2312 1434 2354 laetabundam,

937 2364 1132 2397 Generosam
1156 2370 1195 2394 ac
1215 2359 1390 2400 jucundam

988 2411 1141 2444 Cerneret
1163 2409 1342 2449 imaginem.
