1653 2632
671 113 906 147 —22—

140 219 199 250 4a.
224 215 297 248 Heu
315 223 353 246 ex
370 216 488 254 quanta
504 214 536 243 et
552 211 594 243 ad
615 214 764 251 quantam
822 207 881 240 4b.
902 205 970 237 Nos
995 203 1096 235 amori
1122 205 1176 234 tuo
1194 202 1260 241 um',

271 262 444 294 Caritatem
468 258 589 291 conditi
950 251 995 283 Et
1018 251 1097 281 haec
1120 248 1200 280 felix
1222 248 1297 279 unio

222 311 262 342 In
285 308 425 349 peccatis
451 314 684 345 conversamur,
904 298 969 330 Det
993 305 1101 329 amore
1125 295 1236 327 satiari

272 356 347 396 Sed,
373 364 414 387 ne
436 354 532 386 simus
556 352 688 394 proditi,
951 344 1050 376 Verbi
1074 344 1108 375 in
1133 342 1302 385 principio.

215 422 299 450 Miss.
321 429 373 448 ms.
389 419 582 447 Olomucense
601 417 672 444 anni
693 412 775 443 1330.
796 412 865 440 Cod.
886 410 958 438 bibl.
979 409 1059 445 publ.
1079 408 1134 436 m.
1158 405 1182 435 1.
1205 405 1250 434 11.
1263 406 1299 433 A.
1314 420 1349 425 —
1362 406 1447 432 Miss.

141 469 194 488 ms.
207 460 382 487 Pataviense
402 465 476 485 saec.
499 455 542 483 15.
558 455 628 483 Clm.
645 453 811 481 Monacens.
835 446 942 477 11046.
957 448 990 476 Β.
1005 462 1041 466 -
1055 447 1138 475 Miss.
1156 454 1209 473 ms.
1226 444 1450 479 Salisburgense

143 506 218 526 saec.
233 496 308 524 14115.
324 495 395 523 Clm.
409 495 577 522 Monacens.
593 491 626 520 15
635 489 699 519 719.
714 490 745 517 G.
761 503 796 508 —
809 487 878 515 Mel.
897 485 1085 514 vermutlich:
1103 485 1127 513 Ο
1140 485 1229 512 beata
1240 483 1402 510 beatorum.
1414 495 1451 500 —-

144 536 198 572 lb,
220 535 235 563 1
256 535 379 562 Trinum
398 532 471 560 fehlt
489 535 522 559 Β.
543 545 579 550 —
602 529 652 563 lb,
674 526 692 556 3
712 527 833 555 verbum
854 525 989 560 spiritum
1009 525 1142 551 sanctum
1161 520 1245 550 ABG.

523 631 564 663 18.
603 630 638 662 In
658 629 738 661 festo
759 624 1069 667 Transfigurationis.

147 708 204 741 la.
230 706 293 745 Eja
311 704 406 736 modo
428 702 610 743 jubilemus,
828 697 885 731 1b.
910 697 1064 735 Chr-istm,
1091 697 1185 727 natus
1210 693 1325 725 summi
1349 693 1451 733 patris

228 752 353 785 Laudes
374 751 441 782 Deo
468 750 680 786 decantemus,
908 745 953 777 Et
975 744 1099 776 Mariae
1123 743 1197 782 piae
1218 741 1339 781 matris,

274 800 352 832 Dies
378 800 427 829 est
449 797 602 839 laetitiae,
957 789 1217 823 Transformatur
1241 788 1345 820 hodie.

147 861 204 891 2a.
225 857 340 888 Vultus
366 855 433 895 ejus
458 854 623 893 alteratur,
829 849 887 882 ab.
910 848 948 880 In
973 856 1034 888 quo
1059 848 1143 879 lucet
1167 846 1274 877 Patris
1299 843 1403 877 forma

227 904 274 937 Ut
296 903 344 935 sol
368 902 540 942 splendens
563 901 743 931 illustratur
911 895 955 928 Et
979 894 1155 926 divinitatis
1179 901 1292 924 norma

274 951 318 983 Et
342 950 478 982 vestitur
504 948 667 986 candidjs3
961 941 1113 975 Omnibus
1138 940 1334 980 spectabilis.

149 1012 203 1043 3a.
229 1008 327 1040 Vates
349 1006 456 1046 magni
480 1005 691 1043 adducuntur,
832 1000 889 1034 3b.
911 997 1085 1032 Manifestc
1111 998 1356 1036 demonstratur,

230 1055 404 1095 Tamquam
428 1056 526 1085 testes
551 1053 752 1083 assumuntur
913 1047 999 1078 Voce
1023 1045 1130 1078 Patris
1157 1044 1338 1076 declaratur

278 1102 398 1135 Christi
421 1101 506 1142 regis
531 1100 661 1140 gloriae,
961 1092 1165 1132 Principibus
1190 1091 1305 1123 curiae.

150 1162 207 1193 4a.
233 1159 297 1192 Hic
322 1161 380 1200 est,
405 1157 519 1197 inquit,
545 1164 633 1187 meus
657 1157 761 1196 natus,
832 1152 891 1185 4b.
913 1151 1000 1183 Nutu
1028 1150 1115 1190 cujus
1142 1149 1346 1189 acquiescent

234 1207 296 1239 Pro
321 1206 425 1238 salute
448 1204 539 1236 vobis
565 1204 669 1242 datus,
917 1198 1055 1238 coelum,
1065 1200 1162 1239 terra,
1174 1204 1326 1236 quaenon
1337 1197 1462 1227 cessent

282 1254 348 1292 Quo
373 1253 451 1284 mihi
478 1250 663 1290 complacui,
962 1247 1083 1279 Parere
1107 1244 1241 1276 auditui.

153 1314 208 1346 5a.
237 1310 324 1343 Coeli
349 1310 433 1341 cives
457 1310 664 1344 tremuerunt,
835 1303 893 1337 5b.
914 1302 993 1335 Mox
1019 1302 1121 1333 erexit
1144 1300 1390 1340 procumbentes

232 1358 319 1390 Voce
343 1357 404 1388 hac
428 1364 462 1387 se
485 1356 736 1395 prostraverunt,
916 1350 962 1382 Et
985 1349 1091 1381 evexit
1115 1350 1347 1380 contrementes

285 1404 409 1437 Cedunt
431 1403 512 1435 lucis
537 1402 638 1442 radio,
963 1396 1124 1430 Refovens
1150 1396 1298 1435 alloquio.

155 1464 211 1496 6a.
238 1461 283 1494 Hi
307 1462 381 1493 dum
405 1461 507 1492 visum
531 1460 729 1497 levaverunt,
837 1455 895 1489 6b.
914 1453 1135 1494 Peroptabant
1158 1455 1226 1484 toto
1251 1453 1334 1491 nisu,

235 1509 344 1542 Jesum
368 1508 469 1540 solum
493 1508 718 1547 spectaverunt
919 1502 1009 1541 Quod
1037 1502 1249 1541 perceperant
1272 1499 1304 1531 in
1330 1499 1410 1540 visu,

285 1556 438 1589 Claritate
462 1554 661 1595 praeditum3
964 1549 1107 1581 Trahere
1130 1549 1164 1579 in
1188 1547 1344 1581 habitum.

155 1617 212 1648 7a.
238 1615 353 1647 Petrus
379 1611 467 1652 cupit
491 1609 555 1642 frui
580 1610 673 1652 bono,
839 1607 895 1640 7b.
917 1607 1051 1645 Bonum,
1075 1606 1188 1648 inquit,
1217 1607 1265 1636 est
1289 1604 1342 1635 hic
1368 1612 1447 1644 esse,

241 1661 427 1694 Gratulatur
451 1659 509 1690 tali
536 1658 627 1697 dono,
918 1654 1087 1687 Faciamus
1110 1651 1273 1684 indefesse

287 1708 376 1748 Quod
401 1709 450 1738 est
472 1707 540 1738 sine
564 1705 706 1744 macula;
967 1701 1045 1733 Tria
1068 1700 1286 1732 tabernacula.

156 1769 212 1801 8a.
240 1765 302 1798 Cor
325 1765 359 1796 in
383 1764 501 1796 bonum
525 1762 625 1794 traxit
644 1764 754 1798 totum,
839 1759 896 1793 8b.
921 1759 1001 1798 Quia
1026 1767 1140 1798 corpus
1165 1756 1354 1789 reformabit

239 1813 383 1846 Christus
396 1814 561 1851 postquam
575 1809 779 1849 fecitnotum,
921 1807 965 1839 Et
984 1807 1020 1838 in
1044 1815 1078 1838 se
1104 1804 1314 1845 configurabit

287 1860 362 1899 Quis
387 1860 430 1890 sit
454 1861 554 1890 status
579 1857 720 1898 patriae;
969 1854 1063 1886 Hanc
1086 1862 1223 1885 massam
1247 1852 1405 1884 miseriae.

158 1918 214 1951 9a.
239 1917 374 1957 Christe,
402 1916 484 1947 dona
507 1914 603 1947 finem
627 1914 753 1952 bonum,
843 1912 901 1947 9b.
923 1911 969 1944 Ut
994 1920 1033 1944 ex
1057 1913 1125 1943 toto
1150 1908 1416 1942 transformemur

241 1964 332 2003 Quod
358 1966 406 1995 est
430 1971 526 2002 super
547 1971 638 1994 omne
656 1962 782 2001 donum,
923 1960 969 1992 Et
991 1959 1025 1990 in
1051 1967 1163 1992 aevum
1188 1958 1361 1998 gloriemur

288 2012 325 2043 In
349 2011 477 2042 coelesti
494 2010 610 2049 patria,
970 2007 1010 2039 In
1034 2009 1165 2038 aeterna
1189 2005 1301 2045 gloria.

236 2075 323 2104 Grad.
349 2083 402 2102 ms.
423 2074 453 2102 S.
473 2073 607 2109 Agathae
627 2074 660 2100 in
678 2075 758 2100 terra
777 2071 865 2106 Cuijk
891 2080 914 2098 s.
935 2072 1010 2108 sign.
1031 2071 1101 2098 anni
1122 2068 1206 2098 1512.
1226 2085 1264 2090 —
1285 2070 1373 2097 Met:
1400 2069 1472 2097 Pro-

159 2113 274 2141 fitentes
293 2114 436 2140 unitatem
456 2113 518 2140 bez.
538 2111 656 2139 Laudes
676 2111 780 2137 crucis.

617 2210 659 2242 19.
698 2210 742 2241 De
763 2217 877 2241 corona
896 2209 1014 2249 spinea.

164 2280 221 2313 1a.
246 2277 404 2310 Diadema
422 2277 519 2308 laude
542 2276 639 2316 plena
849 2273 906 2306 lb.
927 2274 1021 2305 Mens
1048 2274 1173 2313 devota,
1201 2273 1268 2312 ejus
1293 2273 1360 2305 lota

245 2325 339 2358 Nunc
363 2324 472 2365 adora,
498 2332 583 2355 nunc
606 2323 728 2354 honora
932 2321 1010 2353 Cum
1035 2330 1147 2354 cruore
1172 2329 1211 2353 ex
1236 2328 1344 2351 amore

293 2373 313 2406 J
316 2381 370 2403 esu
395 2371 514 2404 Christi
539 2370 695 2410 spineum,
976 2368 1064 2403 Fuso
1089 2369 1132 2400 tis
1155 2367 1189 2399 in
1214 2367 1362 2406 pretium,
