1653 2632
220 221 279 251 2a.

221 371 278 403 3a.

217 568 275 598 4a.

215 859 272 889 5a.

215 1057 272 1090 631.

215 1209 269 1241 7a.

213 1360 268 1392 Sa.

212 1559 266 1591 9a.

185 1757 228 1790 10
238 1767 266 1791 a.

189 1911 268 1945 lla.

729 123 967 157 —48—

307 219 375 258 Qua
399 220 525 251 saeculo

302 275 454 306 praesens
475 265 512 298 fit
537 275 658 306 gemma
683 269 797 306 potens

303 316 336 345 et
358 313 475 345 nobilis
499 313 615 354 Maria,

305 371 396 403 Haec
421 378 587 410 egressura

304 417 344 449 de
368 417 509 457 germine
531 417 551 449 J
554 424 623 447 esse

302 467 447 503 tempore
470 462 575 502 prisco

301 510 470 550 praedicta
494 511 542 540 est
566 508 699 549 virgula,

302 566 401 597 Istam
422 567 586 596 venturam

298 614 442 644 veterum
466 613 635 650 parentum

300 659 433 699 linguae·
449 657 627 697 prophetiis
652 657 748 697 plene

301 705 499 738 testabanter
525 704 656 736 coelitus
680 712 718 736 ac

297 753 543 793 praecinuerant

299 801 382 833 alma
403 800 542 832 oracula.

299 857 385 896 Quae
408 856 543 889 Davidis
566 856 674 897 genita

297 905 399 944 stirpe
424 904 512 936 clara

294 952 443 994 generosi
468 950 603 983 nominis

299 999 363 1031 fert
387 999 534 1039 insignia.

299 1056 390 1088 Haec
416 1056 456 1087 de
481 1055 607 1095 regibus

297 1103 422 1144 generis
449 1103 528 1134 clari

295 1151 429 1190 sumpsit
456 1150 596 1189 exordia,

294 1207 375 1247 EJ'us
400 1207 454 1247 qui
479 1210 553 1239 ante
577 1209 724 1246 tempora

295 1253 402 1286 fuerat

294 1306 388 1342 atque
412 1301 550 1341 saecula,

293 1359 385 1391 lllius
410 1358 502 1391 nobis

295 1407 409 1438 adesse

293 1454 398 1486 cuncti
423 1461 593 1493 precamur

296 1501 426 1543 auxilia,

292 1559 384 1591 Illius
408 1558 470 1590 hoc
492 1557 584 1589 nobis

294 1606 440 1646 acquirat

290 1654 428 1694 genitrix
452 1655 572 1693 sancta,

293 1710 386 1741 quam
410 1703 525 1732 sonant
548 1700 675 1740 gaudia,

293 1759 354 1791 Ille
378 1757 470 1790 nobis
496 1761 612 1789 cuncta

290 1809 327 1838 ut
352 1806 494 1838 dimittat
516 1805 654 1845 pleniter

291 1854 410 1886 delicta

296 1911 320 1943 O
346 1919 440 1951 nunc,
467 1911 625 1942 coelorum
652 1910 789 1950 domina,

294 1957 485 1990 famulorum
512 1958 644 1989 vocibus

291 2007 387 2044 mota,
414 2013 494 2045 quae
520 2004 706 2044 deposcunt,

292 2060 369 2084 aure
392 2052 519 2091 suscipe
542 2051 681 2092 benigna

905 217 962 250 2b.

902 365 960 399 3b.

901 560 960 594 4b.

899 854 957 888 51).

898 1054 958 1087 6b.

899 1206 956 1239 712.

897 1357 956 1390 812.

896 1556 954 1590 9b.

872 1756 955 1790 10b.

871 1909 952 1942 11b.

986 214 1160 255 Regalibus

987 264 1099 294 exorta
1122 260 1309 300 parentelis‚

984 309 1147 340 theotocos
1172 306 1294 339 inclita.

984 364 1031 397 Ut
1050 362 1110 395 flos
1136 370 1176 393 ex
1201 362 1269 401 ejus

984 410 1094 442 radice
1119 408 1299 448 procedens

987 456 1118 489 turbida
1143 455 1254 487 mundi

984 504 1167 536 absolveret
1193 502 1337 533 crimina.

983 563 1069 599 Quae
1094 560 1184 599 virgo
1209 567 1341 591 manens

981 608 1128 648 paritura
1152 605 1238 639 foret

982 655 1110 687 unicum
1135 657 1238 686 morte
1264 652 1364 685 filium

982 702 1173 743 spiritaliter
1199 704 1389 741 conceptum

984 751 1038 790 qui
1064 749 1269 782 contraderet

981 798 1100 829 mundo
1125 796 1276 829 remedia.

981 854 1160 888 Salomonis
1186 853 1330 885 creditur

980 902 1061 934 haec
1084 901 1267 941 propinqua

981 949 1039 981 sed
1064 948 1179 988 majori
1203 948 1355 988 praedita

980 996 1150 1037 sapientia.

980 1054 1026 1086 Et
1049 1054 1130 1085 haec
1155 1053 1269 1085 eadem

980 1101 1064 1142 regis
1090 1100 1214 1133 aeterni

980 1152 1083 1180 mater
1109 1148 1296 1188 castissima,

981 1205 1040 1245 Qui
1066 1205 1196 1246 angelos
1222 1207 1255 1236 et
1278 1204 1425 1236 homines

976 1254 1129 1293 ,iunxerat

979 1309 1060 1341 pace
1083 1300 1228 1340 placida.

978 1358 1042 1390 Per
1066 1365 1159 1397 quem
1183 1359 1250 1388 tam
1276 1357 1384 1398 gravis

980 1405 1145 1437 destructa

979 1452 1052 1493 paci
1077 1452 1236 1484 concessit

984 1500 1156 1534 discordia.

977 1558 1085 1597 Atque
1110 1566 1200 1588 suum
1225 1556 1320 1589 nobis

976 1605 1141 1644 placatum

979 1651 1078 1684 faciat
1101 1655 1212 1683 natum

977 1708 1037 1740 per
1061 1702 1175 1732 cuncta
1199 1699 1338 1739 saecula,

978 1757 1023 1789 Et
1047 1760 1179 1789 aeterna
1206 1756 1345 1790 clemens

979 1805 1100 1837 tribuat
1124 1804 1270 1837 ornarier

979 1861 1108 1885 corona.

976 1910 1020 1942 Et
1043 1919 1101 1941 nos
1126 1912 1180 1941 tuo
1205 1909 1381 1942 munimine

977 1957 1096 1988 tuearis
1121 1957 1244 1999 sedule,

978 2004 1079 2036 donec
1100 2006 1226 2035 nosmet
1250 2012 1351 2044 regna

978 2051 1076 2082 dones
1100 2051 1257 2083 scandere
1281 2060 1432 2091 superna.

261 2111 348 2147 Trop.
362 2120 415 2139 ms.
432 2111 586 2139 Mindense
600 2112 670 2138 anni
687 2108 768 2137 1024.
784 2109 853 2137 Cod.
870 2111 1054 2138 Berolinens.
1067 2110 1117 2138 1V.
1135 2110 1178 2138 11.
1194 2126 1233 2131 —
1245 2112 1334 2139 Me1.:
1349 2112 1506 2147 „Puelha

186 2147 369 2177 turbata“.
391 2164 426 2168 -
447 2147 499 2183 3b,
522 2148 537 2175 1
558 2149 600 2176 Et
618 2149 682 2175 flos.
702 2163 740 2167 —
760 2146 813 2181 41),
834 2146 852 2175 3
877 2149 973 2175 unico.

626 2225 671 2256 56.
710 2224 747 2255 In
765 2224 941 2255 Nativitate
963 2224 1051 2256 Bmv.

874 2285 934 2319 lb.
956 2286 1046 2317 Auro
1072 2289 1191 2318 tectam
1215 2286 1301 2317 omni
1325 2290 1420 2326 parte

188 2289 243 2320 la.
272 2285 396 2317 Novum
423 2295 479 2317 vas
505 2289 554 2317 est
576 2286 706 2317 Elisaeo

271 2333 427 2372 Allatum,
450 2333 535 2372 quod
560 2333 608 2364 sal
632 2333 665 2363 in
691 2341 728 2364 eo

319 2380 432 2412 Mittat
455 2388 593 2410 summus
619 2377 748 2421 opifex3

958 2333 1046 2364 Mira
1069 2332 1241 2365 fabrefecit
1266 2336 1336 2365 arte

1006 2380 1125 2411 Arcam
1151 2380 1274 2419 primus
1300 2381 1429 2416 artifeX.
