1653 2632
175 241 234 273 ὅτι.

172 392 229 425 6a.

174 543 229 576 ¹?a.

698 168 742 173 —
795 150 960 185 239—

260 240 352 281 Jugis
381 242 487 282 gravis
512 243 629 284 inedia,

256 287 414 321 Continua
438 290 562 329 jejunia

303 336 507 369 Admiranda
531 338 658 381 rigoris,

257 392 296 425 In
320 396 442 432 papatu
465 403 592 434 semper
612 396 698 428 idem

257 439 404 480 Sanctus,
421 441 534 482 dignus
543 446 617 482 post
627 448 659 475 et
666 444 802 486 pridem,

303 487 437 527 Quintus
461 488 515 520 hic
539 489 753 532 Coelestinus;

257 542 292 575 Si
319 543 488 584 diligenter
512 546 632 578 videris

255 590 425 634 Miracula,
451 593 620 625 miraberis

302 638 425 670 Horum
456 640 685 675 excellentiam.

862 247 921 280 5b.

863 397 923 431 6b.

863 548 921 581 7b.

944 247 1050 279 Vestis
1077 248 1155 280 dura
1178 249 1322 281 molestia

941 294 987 327 Et
1010 295 1171 327 humilitas
1196 296 1293 328 nimia

990 342 1158 374 Materiam
1186 343 1263 375 dant
1286 343 1436 383 stuporis,

949 399 1025 438 Ipse
1050 398 1245 431 Coelestinus
1271 400 1397 439 quidem

944 445 1008 477 Diu
1032 455 1094 478 non
1119 447 1203 478 rexit
1225 446 1356 489 ibidem,

994 492 1081 525 Coeli
1103 493 1156 525 hic
1179 494 1362 534 inquilinus.

944 549 1007 581 Ora
1036 559 1094 589 pro
1120 550 1210 582 nobis
1235 551 1370 590 miseris,

945 596 1051 636 Petre,
1079 600 1202 637 petram
1229 606 1298 629 cum
1321 598 1445 638 superis

991 643 1058 676 Nos
1083 645 1168 676 trahi
1193 645 1233 677 ad
1257 645 1398 685 gloriam.

247 694 330 721 Miss.
352 703 404 722 ms.
427 695 583 723 Coelestin.
603 696 763 725 Parisinus.
784 706 860 726 saec.
882 697 926 725 15.
949 698 1017 727 Ood.
1037 699 1196 728 Parisiens.
1217 699 1340 736 (Arsen.)
1359 699 1425 729 200.

197 846 253 878 la.

197 951 252 982 Za.

201 1056 256 1088 3a.

199 1208 256 1239 4a.

202 1312 258 1343 5a.

200 1416 253 1447 6a.

199 1520 253 1552 7a.

198 1671 254 1702 Sa.

197 1870 252 1902 9a.

171 2070 252 2104 lOa.

169 2271 209 2305 11
220 2281 249 2304 a.

537 786 602 819 325.
643 788 684 819 De
706 791 814 820 saneto
835 789 925 821 Petro
948 790 1130 822 coelestino.

281 846 332 888 Os,
347 847 466 887 lingua,
480 857 579 889 mens,
594 858 704 880 sensus
714 850 805 890 vigor

327 894 366 926 In
392 895 534 934 quolibet
558 895 700 928 fidelium

280 949 364 982 Nam
390 952 541 983 coelestes
565 952 764 984 hierarchiae

331 998 432 1030 Festa
457 1000 602 1031 recolunt
626 1009 731 1032 annua

283 1054 334 1086 De
359 1055 480 1096 sinapis
505 1065 603 1096 grano
628 1057 729 1089 crevit

330 1102 438 1134 Arbor
452 1103 526 1142 alta,
541 1104 676 1143 pulchra
685 1103 800 1144 fructu,

281 1206 346 1238 Hic
370 1216 432 1239 non
455 1216 514 1246 per
539 1208 744 1240 ambitionem

330 1254 426 1286 Suam
444 1254 486 1286 ad
503 1256 657 1295 maj0rem
673 1258 800 1295 statum,

286 1311 310 1343 O
337 1320 431 1350 quam
455 1312 624 1351 praeclara
646 1312 770 1351 merita,

330 1359 394 1391 Per
419 1367 499 1398 quae
516 1357 577 1391 fuit
595 1358 801 1399 Coelestinus,

281 1414 344 1446 Hic
367 1423 482 1454 nempe
504 1416 614 1447 mundi
639 1416 763 1455 gaudia,

328 1462 447 1500 Quibus
472 1462 629 1502 potuisset
653 1463 708 1502 uti,

279 1518 457 1551 Mundialis
481 1520 617 1559 vanitas,

281 1565 461 1598 Crudelitas
488 1569 520 1598 et,
543 1565 668 1599 falsitas

326 1613 417 1645 Istud
442 1623 505 1646 non
530 1615 716 1655 promeruit,

281 1670 388 1702 Pietas
413 1671 580 1702 humilium

282 1718 470 1750 Sublimium

280 1765 307 1796 T
310 1766 495 1797 errestrium

326 1813 464 1853 Pompas
494 1813 576 1845 solet
598 1816 751 1854 sternere,

280 1869 330 1901 Ea
353 1872 486 1910 propter
510 1870 716 1902 monachatus

279 1917 348 1949 Sibi
374 1920 474 1949 status

280 1965 357 1997 Fuit
381 1968 501 2005 gratus,

325 2014 364 2045 In
389 2022 449 2053 quo
477 2013 532 2045 diu
557 2013 679 2045 vixerat

278 2069 389 2110 Cappa
412 2070 485 2103 vilis

277 2117 380 2149 Facta
404 2118 489 2160 pilis,

276 2165 349 2197 Non
374 2165 500 2197 subtilis

324 2214 509 2253 Purpureus
534 2213 673 2255 habitus,

276 2271 381 2311 Hujus
406 2279 503 2311 prece
526 2271 639 2304 sedula

274 2320 338 2352 Per
362 2319 492 2351 saecula

272 2367 432 2400 Miracula

322 2415 411 2448 Deus
436 2415 537 2446 multa
561 2415 767 2455 monstravit;

886 850 932 883 11)

885 954 933 987 21)

885 1059 932 1092 31)

884 1209 933 1242 41)

885 1313 931 1346 51)

884 1416 930 1449 61)

884 1520 944 1553 7b.

883 1672 942 1705 8b.

883 1871 941 1904 9b.

859 2071 940 2103 101).

860 2271 941 2305 111).

937 876 944 883 .
965 851 1214 883 Plaudantnunc
1221 854 1383 892 cessetque
1391 853 1487 893 rigor,

1014 898 1130 930 Fastus
1156 908 1194 930 ac
1218 908 1310 931 omne
1334 900 1455 931 vilium.

937 980 944 987 .
968 955 1078 986 Nostri
1104 956 1205 994 patris
1230 956 1264 987 in
1288 956 1348 987 hac
1375 956 1426 987 die

1017 1001 1185 1034 Coelestini
1211 1003 1393 1042 praecipua.

936 1084 943 1090 .
965 1058 1050 1090 Dum
1076 1059 1255 1091 Coelestino
1280 1060 1416 1099 replevit

1013 1105 1099 1137 Deus
1155 1106 1307 1138 mundum
1360 1107 1488 1146 plenum

1259 1153 1356 1187 luctu.

937 1235 944 1242 .
967 1208 1032 1241 Sed
1056 1218 1116 1249 per
1139 1209 1380 1249 inspirationem

1014 1255 1163 1288 Sanctam
1188 1257 1300 1288 habuit
1321 1260 1486 1297 papatum.

936 1338 942 1344 .
965 1312 1027 1345 Dei
1052 1321 1172 1353 servus,
1198 1322 1329 1353 magnus
1353 1314 1397 1345 ita

1014 1359 1045 1391 N
1047 1368 1082 1391 ec
1098 1360 1136 1392 ob
1155 1360 1215 1392 hoc
1232 1361 1358 1392 humilis
1374 1362 1487 1393 minus.

935 1442 942 1448 .
963 1417 1087 1448 Auctus
1110 1420 1247 1456 papatus
1273 1417 1375 1457 gloria

1016 1463 1160 1496 Caleavit
1183 1467 1220 1495 ut
1243 1463 1349 1496 faeces
1374 1465 1443 1497 luti.

967 1520 1067 1553 1mn10
1092 1530 1215 1552 morum
1240 1521 1393 1561 probitas,

966 1568 1136 1600 Humilitas
1160 1577 1198 1600 ac
1221 1569 1350 1610 veritas,

1014 1615 1134 1654 Quibus
1160 1616 1229 1656 ipse
1253 1616 1377 1648 claruit.

967 1672 1051 1704 Nam
1078 1673 1190 1704 modus
1215 1673 1364 1704 similium

967 1719 1167 1752 Consortium

964 1767 1171 1799 Discordiam

1012 1814 1183 1854 Nunquam
1208 1815 1306 1846 vellet
1323 1823 1486 1854 quaerere.

965 1871 1137 1911 Plusquam
1164 1872 1302 1912 dignitas
1327 1875 1474 1912 papatus,

964 1919 1062 1958 Quem
1087 1922 1219 1959 paratus

964 1966 1038 1997 Non
1063 1969 1185 1998 artatus

1014 2013 1136 2054 Sponte
1158 2015 1385 2055 resignaverat.

967 2071 1117 2111 Lympha
1138 2071 1216 2111 bibi,

964 2119 1073 2151 Rudes
1101 2119 1163 2151 cibi

967 2166 1061 2198 Certe
1083 2167 1145 2199 sibi

1015 2215 1209 2248 placuerunt
1232 2216 1369 2256 penitus.

967 2271 1071 2311 HuJus
1097 2275 1192 2313 atque
1216 2274 1325 2314 regula

966 2320 1031 2353 Ceu
1054 2318 1158 2352 ferula

964 2368 1096 2400 Piacula

1012 2415 1061 2448 De
1088 2417 1232 2457 pluribus
1258 2418 1392 2453 sedavit.
