1653 2632
697 137 955 172 —149—

246 224 330 252 Miss.
352 234 404 253 ms.
421 226 637 257 Cremifanense
657 228 721 258 132.
744 241 819 261 saec.
841 232 885 262 14.
899 235 934 262 A.
949 251 985 256 —
998 236 1081 264 Miss.
1101 246 1154 265 ms.
1170 239 1340 267 Hilariense
1355 241 1382 268 X
1402 248 1478 268 caec-

171 258 215 288 15.
235 261 269 289 B.
291 278 328 282 —
347 264 430 292 Miss.
458 274 510 293 nis.
536 266 690 296 Scotorum
714 270 841 300 vindob.
871 271 916 301 55.
947 282 966 300 a
989 272 1007 301 3
1033 282 1108 302 saec.
1136 274 1181 304 15.
1203 276 1233 303 C.
1258 292 1294 296 —
1312 278 1395 305 Miss.
1424 287 1477 306 ms.

168 298 405 330 Underdorfense
425 305 495 331 anni
518 302 603 333 1437.
628 307 700 335 Clm.
714 308 881 338 Monacens.
902 310 985 339 7550.
1000 313 1036 340 D.
1050 327 1086 332 —
1102 314 1183 341 Miss.
1205 323 1258 342 ms.
1272 316 1477 351 Alrispaeense

168 344 244 365 saec.
272 336 316 366 15.
346 336 420 367 Clm.
447 342 615 372 Monacens.
641 343 724 374 2873.
743 347 779 374 E.
801 363 836 366 —
856 349 940 376 Miss.
966 358 1017 377 ms.
1038 350 1208 379 Andecense
1233 360 1309 381 saec.
1336 353 1380 382 15.
1403 354 1475 382 Clm.

168 375 337 405 Monacens.
358 376 397 406 24
409 377 474 406 002.
495 381 527 408 F.
547 396 585 400 —
606 381 656 417 la,
677 381 695 410 2
715 382 777 413 Nos
799 394 915 414 oramus
935 387 969 415 A.

605 473 666 505 198.
708 475 750 507 De
769 478 879 509 sancto
899 478 1038 510 Erasmo.

167 529 224 563 la.
252 530 381 563 Coclum
408 533 520 575 gaude,

248 577 377 610 Erasini
401 581 528 613 novella
556 581 651 613 laude

297 626 382 659 Cane
405 625 497 666 festa,

164 682 220 713 2a.
248 681 401 714 Erasmus
427 684 586 717 industria

251 728 356 761 Subiit
378 731 506 764 silentia

291 776 489 819 Eremorum,

161 832 217 865 3a.
245 832 386 866 Tandem
412 833 521 876 flagris
547 838 699 882 caeditur,

244 880 305 912 Dei
330 882 420 922 pugil
444 883 568 916 sistitur

287 928 464 970 Tribunali,

158 984 217 1016 4a.
246 984 361 1018 Verbis
383 987 490 1026 J'ussus
516 988 670 1028 subdolis,

244 1031 365 1065 Offerat
387 1037 423 1065 ut
446 1035 551 1075 idolis,

286 1080 348 1112 Est
372 1080 494 1122 beatus,

157 1136 212 1170 5a.
241 1136 369 1169 Carceri
392 1138 577 1179 intruditur,

237 1184 342 1216 Multo
367 1184 453 1218 ferro
478 1187 642 1229 premitur,

239 1232 367 1273 Carcer‚
392 1231 513 1265 ferrum
537 1235 671 1267 solvitur

284 1279 322 1311 ln
348 1279 501 1315 favillam.

156 1336 212 1368 6a.
238 1335 366 1367 Erasmi
393 1346 451 1368 nos
476 1346 573 1377 prece

234 1382 425 1415 Cunctorum
450 1393 469 1416 a
494 1384 593 1426 faece,

279 1430 366 1471 Jesu,
391 1432 480 1464 solve

328 1483 542 1518 peccatorum.

855 538 911 572 lb.
933 539 1008 572 Pari
1032 541 1137 581 laude,

935 587 959 620 O
985 590 1071 620 terra
1095 589 1223 629 tenella,
1249 590 1376 632 plaude,

982 634 1103 668 Cedant
1127 639 1256 670 maesta.

850 689 908 722 2b.
931 690 1056 723 Ibidem
1083 693 1264 725 coelestium

930 738 1050 770 Meruit
1075 740 1262 781 colloquium

978 786 1180 826 Angelorum.

848 841 906 874 3b.
930 842 1112 882 Respondet
1141 844 1302 884 intrepide

929 889 986 921 Vir
1010 892 1136 922 sanctus
1162 894 1193 923 et
1216 892 1325 932 lepide

974 937 1101 978 Expers
1125 939 1211 971 mali.

844 991 904 1025 4b.
928 992 1004 1025 Cum
1027 995 1200 1033 spi-exisset
1223 995 1321 1038 idola,

926 1040 1037 1072 Pravis
1062 1040 1098 1073 fit
1122 1042 1276 1081 parabola

972 1087 1167 1128 Fustigatus.

842 1142 902 1175 5b,
922 1144 1085 1176 Flammea
1108 1145 1251 1177 induitur

922 1190 1019 1231 Toga,
1046 1195 1139 1232 spata
1163 1193 1298 1232 ceditur,

923 1237 1072 1270 Gaudens
1098 1239 1145 1270 sic
1165 1239 1342 1280 ingreditur

969 1285 1062 1317 Vitae
1084 1286 1203 1325 villam.

838 1341 895 1373 6b.
918 1341 989 1373 Duc
1013 1342 1130 1374 virtute
1153 1343 1265 1383 plenos

920 1388 1093 1430 Monteque
1117 1399 1245 1423 serenos

966 1437 1019 1469 Ad
1045 1438 1162 1478 gaudia

1014 1485 1211 1524 gaudiorum.

226 1541 296 1570 eod.
320 1544 527 1573 Gottwicensis
544 1543 609 1574 202.
630 1555 705 1576 saec.
728 1546 771 1576 15.
792 1562 831 1569 -·
850 1549 934 1576 Mel.:
955 1548 1172 1578 Laetabundus.

590 1638 650 1670 199.
690 1640 733 1671 De
753 1641 860 1673 sancto
880 1641 1020 1674 Erasmo.

145 1695 201 1728 la.
230 1696 254 1729 Ο
281 1705 374 1736 quam
398 1700 508 1738 gratus

275 1743 317 1775 Et
343 1744 475 1785 insignis

325 1792 458 1824 Praesul
482 1793 551 1825 Deo
575 1793 710 1836 stabilis,

143 1848 200 1880 Za.
227 1848 318 1879 Tunc
341 1850 503 1889 septennis

272 1895 336 1928 Hic
359 1896 392 1929 in
419 1898 505 1930 cultu

320 1944 443 1976 Mansit
468 1946 638 1990 eremitico,

142 2000 198 2033 3a.
222 2001 353 2032 Pastum
380 2002 458 2033 caeli

224 2047 305 2080 Fert
327 2047 417 2081 fideli

272 2095 392 2129 Corvus
417 2098 485 2130 avis
511 2098 639 2139 coelica,

138 2155 196 2186 4a.
224 2154 329 2187 Ferae
353 2163 428 2186 vere

222 2201 407 2242 Cognovere

268 2249 372 2290 Hujus
398 2251 654 2292 sanctitudinem,

135 2307 192 2340 δα.
219 2308 319 2348 Quem
350 2317 421 2341 eum
445 2311 595 2349 torquent

218 2355 294 2388 Pice
319 2356 449 2396 plumbo

263 2404 445 2445 Resinaque
469 2404 632 2446 sulphure,

832 1702 890 1735 lb.
913 1703 973 1743 Qui
996 1705 1149 1743 poenatus

960 1751 991 1782 A
1015 1751 1162 1791 malignis

1006 1797 1125 1830 Factus
1151 1801 1200 1830 est
1220 1798 1385 1833 mirabiliS.

830 1854 889 1887 2b.
911 1855 970 1894 Qui
994 1855 1141 1894 perennis

958 1902 1052 1934 Nunc
1075 1903 1109 1934 in
1134 1903 1223 1934 vultu

1008 1949 1115 1982 Claret
1140 1949 1295 1985 beatifico.

829 2006 886 2040 3b.
909 2006 1008 2039 Fatus
1035 2006 1152 2039 Christi

908 2054 962 2086 Fit
988 2058 1018 2086 et
1042 2055 1098 2086 isti

955 2102 994 2134 In
1017 2102 1126 2143 lingua
1147 2103 1298 2143 angelica.

826 2158 883 2191 410.
906 2159 957 2191 De
980 2169 1040 2200 quo
1065 2160 1112 2192 rei

907 2207 1024 2239 Hostes
1050 2207 1111 2239 Dei

953 2255 1084 2288 Dictant
1109 2256 1351 2296 turpitudinem.

825 2311 883 2346 5b.
903 2312 1005 2345 Terra
1029 2313 1147 2354 tremit,

905 2362 973 2393 Aer
999 2361 1105 2404 gemit,

953 2409 1049 2458 Flebs
1074 2409 1160 2450 perit
1182 2410 1215 2442 in
1241 2411 1395 2452 fulgure:
