1653 2632
668 136 717 141 ——
766 117 837 152 174
885 139 929 143 —

168 215 225 246 3a.
251 212 354 244 Natus
378 212 440 244 iste
464 212 623 244 Zebedaei
856 212 916 245 ab.

252 259 438 291 Destinatus
466 262 545 290 nutu
566 258 629 290 Dei

298 307 461 338 Transii-it
489 306 674 342 Samariam,

167 364 226 395 4a.
254 363 363 395 Caecis
372 363 485 404 visum,
499 362 620 394 claudis
629 370 772 401 gressum

249 410 380 451 Reddit,
416 409 510 441 solvit
537 412 567 440 et
590 417 773 448 possessum

295 457 480 488 Adductum
493 464 552 495 per
566 456 770 496 daemonem3

250 513 321 545 Hac
345 513 463 543 virtute
487 512 538 543 vir
553 515 619 543 tam
639 520 771 552 magnus

248 559 309 590 Est
332 568 392 599 per
416 558 522 590 funem
548 559 634 590 mitis
659 568 759 599 agnus

295 606 419 637 Ductus
444 606 486 638 ad
510 606 708 645 martyrium,

250 662 394 694 Tandem
418 665 542 702 martyr
566 662 753 703 decollatur,

252 708 373 749 Corpus
390 712 517 748 raptum
532 710 612 741 clam
625 713 773 749 portatur

297 757 361 789 Per
385 765 474 788 mare
500 756 663 791 Galitiam.

251 813 341 846 Sicut
364 814 455 845 vivus
480 813 678 856 sublimatus,

251 860 304 892 Sic
319 864 393 900 post
409 864 545 892 mortem
558 865 605 892 est
619 862 772 901 probatus

855 361 915 394 4b.

167 513 224 544 5a.
856 511 914 544 5b.

167 663 222 695 6a.
856 663 913 696 6b.

168 815 186 824 ,-

173 823 208 845 (ἶ.

856 814 916 848 7b.

298 907 492 940 Corruscans
517 909 682 940 miraculis
692 920 700 947 ς

251 963 462 996 Infecundam
492 963 677 997 fecundavit

250 1011 293 1043 Et
316 1012 430 1052 viginti
451 1012 613 1052 liberavit,

298 1059 380 1091 Fido
405 1059 513 1092 reddit
539 1060 698 1101 spiritum,

250 1115 467 1148 Decollandus
491 1116 673 1157 adJuvatur,

249 1163 350 1194 Fesso
374 1164 428 1202 pie
452 1163 655 1206 suffragatur,

298 1209 414 1242 Reficit
439 1209 632 1250 famelicum,

251 1267 349 1306 Audi,
376 1270 478 1309 pater,
504 1268 713 1307 implorantes

251 1314 375 1345 Nomen
400 1318 487 1346 tuum
515 1315 732 1348 collaudantes

300 1361 409 1393 Corde.
439 1371 519 1394 xoce
542 1363 723 1403 supplices3

167 966 225 997 Sa.
857 966 916 999 8b.

167 1117 223 1148 9a.
857 1117 915 1150 9b.

144 1266 225 1299 10a.
833 1268 916 1301 10b.

938 212 1081 244 Verbum
1106 213 1190 243 vitae
1215 212 1445 251 praedicando,

937 258 1033 290 Dicta
1056 259 1154 298 signis
1181 258 1396 291 confirmando

988 305 1050 336 Per
1075 313 1185 337 eorum
1210 305 1343 345 copiam.

939 361 1084 392 Mortuos
1110 361 1329 393 resuscitando

937 408 982 439 Et
1005 408 1167 440 Philetum
1190 408 1358 441 liberando

987 454 1152 487 Convertit
1177 456 1418 496 Hermogenem.

937 512 976 544 In
1001 512 1063 543 hoc
1086 515 1178 544 sanat
1205 512 1445 545 decumbentem

937 559 981 591 Et
1007 559 1151 599 baptizat
1176 568 1211 591 se
1238 561 1405 592 ducentem

987 607 1151 639 Passionis
1173 608 1304 640 socium.

936 663 1143 703 insequentes
1170 664 1416 705 submerguntur

937 710 982 742 Et
1008 711 1159 743 ducentes
1184 715 1396 753 proteguntur

986 759 1050 791 Per
1079 759 1132 791 dei
1155 759 1363 792 clementiam.

938 814 1032 854 Nam,
1061 816 1204 848 Calixtus
1228 819 1264 847 ut
1288 819 1435 855 testatur,

942 861 1003 894 Cor
1031 863 1159 894 contriti
1183 872 1245 894 non
1273 864 1403 904 celatur,

987 909 1150 949 Scriptum
1177 910 1262 941 delet
1287 911 1429 944 sceleris

945 966 1152 1006 Peregrinum
1179 968 1388 1005 conservavit,

938 1013 1024 1045 Dum
1048 1022 1237 1053 suspensum
1262 1015 1412 1046 animavit

987 1061 1078 1093 Patri
1102 1061 1242 1093 reddens
1268 1061 1378 1097 filium.

937 1118 1029 1149 Tacti
1053 1118 1149 1158 plaga
1171 1117 1287 1150 festum
1313 1119 1428 1159 colunt,

940 1165 1031 1203 Quod
1048 1174 1178 1197 servare
1194 1166 1333 1205 primum
1349 1167 1460 1198 nolunt

987 1212 1098 1252 Lotus,
1125 1213 1238 1253 pistor,
1265 1214 1411 1247 rusticus

939 1269 978 1300 In
1002 1269 1063 1300 hoc
1088 1270 1207 1302 mundo
1232 1268 1421 1302 fiuctuantes

939 1316 1032 1353 Fide,
1062 1320 1135 1348 voto
1162 1318 1354 1359 remigantes

988 1364 1056 1396 Nos
1081 1365 1229 1404 supernis
1254 1366 1406 1405 applices.

220 1437 289 1464 Mi-:s
323 1446 376 1464 ms.
398 1437 427 1465 S.
449 1438 504 1465 Bla
523 1439 544 1465 21
565 1440 635 1466 anni
660 1437 743 1467 1451.
764 1438 833 1467 Cod.
855 1440 884 1467 S.
905 1440 993 1467 Pauli
1015 1440 1052 1467 ad
1071 1440 1238 1468 Lai-cutum
1257 1442 1376 1469 membr.
1397 1440 1442 1469 64.

591 1564 657 1596 233.
697 1564 739 1596 De
760 1566 866 1597 sancto
888 1566 1010 1597 Jaeoho.

145 1642 202 1674 12.
231 1642 376 1674 Christus
403 1643 558 1676 Jacobum
583 1646 710 1677 vocavit

226 1690 270 1722 Et
293 1691 483 1733 Johannem,
511 1701 589 1732 quos
615 1694 744 1734 amavit,

227 1737 272 1769 Et
296 1746 463 1778 germanos
488 1740 665 1780 appellavit

272 1785 373 1818 Filios
399 1787 547 1828 tonitrui;

230 1841 321 1874 Calix
346 1843 398 1874 illi
421 1847 707 1884 praemonstratur,

225 1890 290 1922 Per
311 1899 403 1929 quem
427 1892 535 1931 passio
560 1892 713 1932 signatur,

226 1937 359 1977 Jacobo,
387 1938 441 1978 qui
463 1940 602 1978 primum
630 1940 725 1972 datur

275 1984 327 2016 Ab
349 1985 480 2017 Herode
505 1987 663 2026 reprobo;

230 2041 436 2073 Intromissus
461 2042 515 2073 hic
539 2043 581 2075 ad
605 2043 669 2074 ista

227 2086 345 2120 Fratre
371 2097 441 2120 cum
467 2090 664 2130 evangelista

228 2135 348 2168 Christi
371 2139 496 2176 martyr
520 2140 549 2168 et
574 2137 740 2176 symmista

276 2182 332 2213 Bis
357 2192 415 2215 sex
440 2192 458 2214 e
481 2184 656 2224 discipulis.

143 1843 202 1875 2a.

145 2042 204 2073 3a.

835 1647 894 1679 lb.
916 1648 1026 1681 Jesum
1051 1647 1191 1681 Jacobus
1218 1657 1288 1680 cum
1313 1647 1413 1680 fratre

917 1694 1067 1734 Sequitur
1091 1696 1204 1728 relicto
1228 1699 1332 1736 patre,

918 1743 1035 1776 Petens
1059 1743 1220 1777 mediante
1244 1747 1345 1776 matre

963 1790 1083 1822 Rerum
1109 1791 1186 1823 sede
1209 1790 1342 1831 perfrui.

835 1846 893 1879 21).
917 1846 1001 1878 Dum
1026 1848 1136 1887 puella
1161 1849 1344 1890 suscitatur,

919 1894 1065 1926 Christus
1092 1896 1167 1928 dum
1191 1895 1447 1936 transfiguratur,

917 1941 1003 1973 Dum
1030 1942 1111 1975 clam
1135 1945 1231 1982 pater
1254 1943 1431 1981 invocatur,

964 1989 1020 2020 Fit
1044 1993 1213 2028 praesente
1238 1990 1371 2024 Jacobo.

834 2045 892 2078 31).
917 2045 1004 2085 Ergo
1031 2054 1071 2077 ex
1095 2047 1312 2086 apostolorum

916 2093 1140 2132 Protomartyr
1163 2102 1220 2125 nos
1245 2103 1373 2126 suorum

920 2138 1029 2171 Solvat
1055 2149 1116 2180 ope
1139 2141 1326 2173 meritorum

965 2187 995 2218 A
1022 2187 1136 2227 culpae
1161 2188 1326 2227 decipuhs.

220 2255 308 2283 Grad.
333 2265 386 2283 ms.
407 2257 595 2293 Frisingense
621 2266 698 2285 saee.
727 2256 771 2285 15.
793 2258 866 2286 Clm.
885 2260 1056 2288 Monacens.
1085 2259 1171 2291 6418.
1191 2261 1225 2288 A.
1250 2275 1286 2279 —
1305 2262 1388 2288 Miss.
1409 2270 1462 2289 ms.

143 2294 173 2320 S.
195 2293 326 2320 Floriani
345 2294 392 2321 ΙΠ
417 2292 483 2323 205.
507 2304 585 2323 saec.
613 2295 657 2323 15.
680 2297 711 2323 B.
732 2311 769 2314 —
790 2296 861 2324 Ood.
880 2298 976 2325 Palat.
996 2299 1125 2326 Vindob.
1152 2299 1203 2333 (ol.
1222 2299 1464 2333 Lunaelacensis)

143 2328 229 2357 4977.
250 2338 327 2357 saec.
350 2330 394 2358 15.
416 2333 448 2359 C.
467 2348 506 2352 —
526 2334 614 2360 Mel.:
640 2334 770 2361 Verbum
789 2335 908 2362 bonum.
929 2351 967 2355 —
986 2334 1039 2369 3³,
1062 2334 1080 2363 2
1101 2335 1211 2365 Christi
1231 2336 1325 2371 major
1344 2337 1404 2365 AB.
1425 2353 1464 2358 —

144 2365 196 2396 3}›‚
217 2366 236 2395 3
258 2367 367 2403 Culpae
388 2378 442 2397 nos
463 2378 481 2397 a
500 2373 604 2406 poenis
626 2371 663 2403 ῦς
685 2380 702 2398 a
723 2372 818 2406 culpis
839 2373 990 2408 dec-apulis
1010 2374 1044 2401 A.
