1653 2632
731 132 966 168 „19-

191 224 270 259 lOa.
298 226 370 258 Vox
396 227 516 259 scindit
541 228 665 260 consilii
876 230 957 263 10b.
981 230 1051 262 Vox
1077 231 1118 262 de
1141 231 1299 271 sapientia

297 272 440 307 flammas
464 276 617 317 incendii,
982 279 1084 310 cervis
1114 279 1169 310 dat
1192 287 1327 318 pascua3

297 330 375 354 voce
397 323 579 355 intellectus
979 325 1038 365 his,
1066 325 1178 365 quibus
1203 326 1379 367 descendit,

295 373 402 402 movet
427 370 530 404 Gades
978 373 1176 405 Deus-homo

299 417 459 449 desertum
483 419 649 453 Dominus,
980 421 1126 453 ascendit
1148 420 1309 461 gradibus.

190 473 271 508 11a.
296 475 365 507 Pax
389 476 619 516 mundicordis,
874 477 954 511 11b.
975 477 1025 509 Tu
1049 478 1125 509 mali
1149 478 1335 517 temptantis

298 522 435 563 Christe,
460 523 629 555 miserator
980 525 1105 557 dimitte
1129 524 1247 565 debita,

294 572 413 608 noster,
443 578 548 610 egens,
977 576 1013 604 tu
1036 572 1128 612 panis
1156 573 1196 604 da

293 617 414 657 lugens,
444 617 542 657 mitis,
563 626 698 657 pauper.
975 620 1059 652 velle
1082 628 1212 660 regnum
1236 620 1348 659 patris.

188 673 268 706 lja.
296 673 343 704 Te
366 674 466 705 solem
492 674 532 705 de
556 675 651 707 stella
675 681 778 707 ortum
873 676 953 709 1210.
974 676 1013 708 In
1037 677 1145 708 vinum
1171 679 1319 708 converte
1343 686 1455 717 aquam

291 720 325 752 in
349 720 454 763 thure,
480 730 567 762 auro,
592 723 724 761 myrrha
979 726 1011 755 et
1033 724 1135 764 legem
1160 724 1193 755 in
1218 724 1363 765 gratiam,

293 770 449 800 monstrat
473 769 567 801 stella
591 771 730 809 gentium
977 780 1035 811 pro
1060 770 1163 811 figura
1186 772 1315 812 veritas,

294 815 464 856 dominum,
975 827 1035 858 pro
1057 819 1133 859 jugo

290 871 398 903 regem
421 864 613 898 mortalium.
975 869 1011 897 tu
1035 866 1228 898 haereditas.

261 927 348 956 Grad.
368 937 422 956 ms.
442 929 537 957 Palat.
557 930 776 959 Vindobonens.
799 929 832 958 13
840 929 905 959 314.
926 939 1001 959 saec.
1023 929 1068 958 11.
1091 946 1127 951 -
1146 931 1287 959 Melodie:
1310 932 1442 959 Psallite.
1458 947 1495 950 —

183 963 236 995 33..
257 963 275 993 3
296 967 402 1002 angeli,
424 967 561 995 hominis.
578 984 610 988 —
634 967 685 1003 6b,
709 967 723 996 1
745 969 950 1005 urspriinglieh
969 970 1039 996 Tibi
1059 977 1164 1005 corpus
1185 972 1298 1005 aptans,
1321 971 1353 996 in
1375 970 1426 997 der
1439 970 1493 997 Hs,

183 1003 276 1031 selbst
293 1004 455 1041 korrigiert
471 1006 529 1033 wie
549 1006 632 1034 oben.
646 1022 685 1026 -—
705 1006 753 1042 7a,
771 1006 784 1034 1
801 1008 890 1043 stirps
907 1007 1000 1035 Jesse.
1014 1023 1051 1027 —
1067 1005 1100 1035 11
1110 1008 1136 1041 b,
1158 1006 1175 1034 2
1191 1008 1351 1043 korrigiert
1365 1009 1398 1035 in
1411 1008 1495 1035 solve

185 1041 293 1069 debita.
319 1059 353 1063 —
375 1041 442 1077 Hb,
464 1041 482 1071 3
502 1045 588 1080 panis
608 1044 655 1072 fac
673 1053 736 1079 nos,
756 1045 923 1081 korrigiert.

565 1125 609 1157 13.
651 1126 694 1158 De
713 1127 908 1158 sanctissimo
932 1127 1107 1158 salvatore.

183 1190 239 1222 la.
265 1190 343 1222 Enti
368 1190 603 1230 simplicissimo
867 1192 923 1225 1b.
945 1193 1119 1225 Immensas
1145 1192 1295 1232 quotidie,

266 1237 370 1269 Corde
396 1238 598 1270 devotissimo
947 1240 1037 1279 Quod
1063 1240 1119 1271 dat
1141 1240 1245 1271 locum
1270 1241 1383 1272 veniae

310 1284 498 1317 Referamus
523 1289 628 1326 grates
994 1287 1038 1319 Et
1063 1296 1135 1319 suos
1161 1296 1312 1327 sequaces

180 1342 237 1373 2a.
265 1342 394 1375 Solatur
417 1343 590 1383 miraculis,
866 1344 924 1377 ab.
949 1344 1091 1377 Credunt
1117 1346 1149 1375 et
1172 1344 1377 1386 schismatici,

262 1390 381 1429 Quibus
406 1399 426 1422 a
449 1391 584 1430 piaculis
949 1391 1068 1431 Quibus
1094 1392 1254 1431 arreptitii

308 1437 369 1470 Rei
398 1438 619 1479 emundantur,
993 1439 1124 1472 Penitus
1149 1442 1312 1474 sanantur.

178 1495 234 1528 3a.
260 1494 312 1527 Ex
339 1495 458 1528 Christi
485 1496 632 1538 imagine,
863 1496 920 1530 3b.
943 1495 1063 1536 Liquor
1087 1496 1302 1536 suavissimus,

260 1543 344 1575 Fixa
365 1552 383 1574 a
408 1544 585 1583 propagine
946 1544 1096 1584 Aegrotis
1120 1544 1302 1587 meditivus,

307 1590 537 1631 Hebraeorum,
563 1593 671 1623 manat
991 1591 1073 1623 Nam
1099 1592 1270 1632 plerosque
1294 1596 1396 1625 sanat.

176 1647 233 1682 432.
259 1644 367 1680 Pri'mo
393 1648 596 1688 paraliticum
861 1649 921 1682 4b.
943 1648 1096 1681 Medetur
1120 1649 1302 1690 salubriter,

257 1694 302 1727 Et
327 1704 465 1733 caecum,
490 1699 565 1735 post
588 1696 727 1728 omnium
944 1697 1058 1729 Omnes
1082 1697 1275 1728 unanimiter

307 1743 527 1775 Imbecillitati
990 1744 1143 1776 Reddens
1165 1745 1324 1784 sospitati.

176 1801 230 1832 521.
257 1800 395 1831 Animae
420 1803 452 1831 et
476 1801 619 1840 corporis
862 1801 919 1834 5b.
940 1801 1066 1840 Nempe
1090 1801 1191 1832 currit
1215 1801 1332 1840 subito,

257 1846 367 1878 Turba
390 1848 604 1879 multitudinis
943 1848 990 1881 Ut
1014 1849 1141 1880 lavetur
1165 1848 1324 1888 baptismo

305 1894 359 1926 Ad
383 1895 679 1927 Archimandritam
988 1897 1096 1936 Atque
1123 1900 1236 1927 bonam
1259 1897 1358 1928 vitam

175 1952 231 1984 6a.
257 1952 422 1984 Promittit
445 1950 613 1992 proficere,
860 1953 917 1986 6b.
935 1952 1056 1985 Eorum
1080 1962 1241 1993 synagoga

256 1998 390 2039 Semper
415 1999 540 2032 Christo
567 2000 717 2042 credere;
941 2001 1056 2034 Statim
1080 2000 1119 2032 fit
1143 2001 1277 2033 ecclesia

303 2047 455 2080 Omnibus
478 2049 536 2080 sed
555 2048 630 2080 lotis
988 2048 1035 2081 Ob
1060 2049 1211 2081 honorem
1238 2049 1321 2081 dotis

173 2105 228 2137 73,-
255 2106 334 2139 Jesu
359 2104 480 2138 Christi
505 2105 644 2146 Domini,
860 2106 917 2139 712.
942 2106 1100 2146 Rogemus
1123 2107 1283 2148 attentius,

254 2152 431 2185 Salvatoris
458 2153 587 2196 optimi3
940 2154 986 2187 Ut
1012 2153 1123 2186 delicti
1148 2154 1268 2185 eminus

301 2202 397 2234 Hunc
419 2201 534 2233 dovoto
562 2201 658 2233 corde
986 2201 1054 2234 Nos
1078 2201 1187 2233 trahat
1209 2211 1226 2233 a
1252 2203 1356 2236 sorde.

169 2259 225 2291 8a.
254 2259 278 2291 Ο
311 2259 453 2291 salvator
478 2259 626 2299 omnium,
858 2258 915 2291 8b.
938 2258 1116 2291 Sanitatum
1142 2259 1275 2299 copiam,

252 2306 349 2339 Salva
374 2309 520 2339 cunctum
544 2307 706 2347 populum,
938 2307 1058 2339 Rerum
1084 2307 1324 2349 abundantiam,

298 2355 399 2387 Nobis
425 2364 549 2395 quoque
575 2355 657 2389 dona
989 2355 1077 2388 Coeli
1100 2355 1192 2388 nobis
1219 2356 1312 2390 dona.

242 2416 325 2444 Miss.
347 2425 401 2444 ms.
422 2416 569 2452 Plagense
589 2425 612 2444 s.
634 2417 709 2454 sign.
730 2425 806 2445 saec.
829 2414 875 2444 15.
895 2432 932 2436 -
952 2414 1004 2452 31³,
1026 2414 1044 2444 2
1064 2417 1170 2453 Aegris
1191 2417 1349 2445 meditivus
1369 2417 1423 2445 Hs.

1252 2463 1293 2492 2*
