1653 2632
142 305 159 337 1
169 313 197 337 a.

143 607 199 638 321.

142 757 192 789 4a

144 909 201 940 59.

541 221 603 253 134.
632 221 677 251 De
697 228 720 251 s.
741 218 874 250 Antonio
893 218 1057 249 Patavino.

225 303 347 343 Gaude,
373 302 451 334 felix
477 310 595 342 sponsa
620 299 749 338 Christi,

225 350 312 389 Quae
336 349 474 382 fecunda
497 357 627 381 manens
648 346 769 379 munda

271 398 378 430 Mater
405 405 438 428 es
462 395 616 434 fidelium,

192 481 199 487 .
227 454 350 492 Gaude,
375 455 468 493 pater
492 460 680 492 pauperum,

225 500 443 533 Perfectorum
470 507 602 539 operum

271 548 321 580 Ex
347 551 379 578 te
394 545 488 578 floret
512 545 608 577 filius.

225 603 403 643 Augustino
428 602 576 642 primitus

227 650 373 689 Suberat,
400 657 492 688 quem
519 648 650 680 coelitus

274 697 408 729 Sanctus
433 704 549 728 vocans
575 695 706 735 spiritus

227 754 321 786 Felix
346 753 431 785 hunc
454 752 613 792 Hispania

225 800 387 839 Profudit,
413 800 509 832 Italia

273 848 399 880 Potitur
423 847 607 887 praesentia
616 857 624 886 3

230 906 471 938 consummatus
496 904 639 935 breviter

227 953 360 985 Fruitur
386 952 570 991 perenniter

273 1000 391 1040 Regem
418 1007 527 1039 legum
553 998 710 1036 omnium3

827 298 886 331 110.

827 448 887 482 ab.

828 600 886 633 eb.

828 751 888 784 4b.

830 902 877 935 51)

908 297 1036 330 Prolem
1049 299 1202 339 sanctam,
1217 304 1310 335 quam
1323 294 1451 326 nutristi

908 344 1009 376 Lacte
1032 344 1161 383 mundo,
1193 343 1309 382 pandis
1336 342 1454 373 mundo

957 391 1091 423 Beatum
1113 390 1298 422 Antonium.

909 448 997 480 Ecce
1019 447 1122 487 patris
1146 446 1248 487 gloria

908 495 954 528 Et
976 494 1089 527 matris
1113 493 1238 526 laetitia

958 542 1092 574 Sanctus
1119 544 1168 573 est
1190 540 1359 573 Antonius,

908 599 963 631 Ad
987 598 1155 630 Francisci
1179 597 1331 639 regulam,

909 646 1113 686 Paupertatis
1138 644 1317 685 formulam,

956 693 1079 726 Mundo
1104 693 1179 724 tulit
1201 692 1339 732 penitus.

908 751 1016 790 Major
1040 750 1090 781 his
1115 753 1160 789 tu,
1186 749 1308 786 Padua,

911 798 979 837 Qua
1002 806 1086 829 nunc
1109 805 1169 837 per
1191 796 1347 827 miracula

959 845 1130 878 Corruscat,
1154 843 1292 876 assidua.

911 902 1016 933 Pavor
1039 904 1088 932 est
1112 900 1296 934 errantium,

913 948 1005 980 Salus
1028 947 1267 987 poenitentium.

960 995 1054 1027 Nova
1076 995 1130 1026 lex
1154 993 1361 1025 credentium.

219 1084 367 1112 Mis..1n
411 1083 533 1110 Francis
521 1091 559 1109 s.c
607 1090 662 1109 zwc.
691 1080 735 1108 15.
763 1080 833 1109 efod.
860 1081 934 1108 bibl.
963 1080 1043 1116 1.)ubl
1065 1079 1249 1107 Olomucens.
1276 1076 1293 1104 2
1317 1077 1390 1104 VIII
1409 1074 1456 1103 40.

144 1123 175 1150 A.
197 1138 235 1143 —-
259 1121 427 1149 Cantional
454 1129 507 1147 ms.
527 1119 758 1156 vissegradens·
778 1119 805 1145 V
821 1118 903 1153 Οοη
925 1126 1001 1145 saec.
1021 1116 1066 1146 15.
1087 1119 1121 1145 B.
1140 1132 1177 1137 —-
1198 1116 1285 1145 Gral.
1300 1124 1353 1143 ms.
1367 1115 1458 1142 Fran-

144 1162 210 1188 f‘z
238 1169 311 1188 aee.
341 1158 386 1186 14.
415 1158 485 1186 Cui.
511 1158 687 1194 Pragens.1
705 1157 732 1184 Ε
755 1154 799 1184 12.
828 1157 859 1184 0.
880 1172 918 1176 —
935 1156 1020 1183 Mela
1049 1156 1125 1183 Veni
1151 1158 1250 1182 sancte
1275 1154 1396 1190 spiritus
1418 1152 1456 1187 C3

144 1198 258 1232 “uach-i
270 1206 337 1226 uim<
364 1198 478 1232 ignum
500 1197 595 1223 mucis
616 1199 707 1223 15.-
730 1195 788 1223 Str.
809 1193 850 1222 5b
870 1195 945 1222 fehlt
963 1194 999 1221 A.

148 1405 203 1437 19.

149 1708 204 1740 39.

148 1861 206 1893 49.

152 2013 206 2043 59..

154 2210 209 2242 ea.

546 1319 607 1351 135.
636 1320 680 1351 De
700 1328 723 1351 s.
748 1319 877 1350 Antonio
897 1317 1063 1349 Patavino.

230 1403 284 1434 Ad
308 1402 471 1440 honorem,
500 1400 635 1441 Christe,
661 1402 761 1439 tuum,

229 1451 376 1489 Pangens
403 1449 516 1480 chorus
543 1447 646 1479 crucis
671 1456 762 1478 suum

278 1497 374 1536 Signo
400 1505 454 1528 cor
478 1495 639 1535 insigniat,

197 1579 204 1587 .
230 1554 285 1586 Ad
311 1563 345 1586 os
371 1562 445 1593 ergo
470 1553 578 1584 mittat
601 1561 728 1583 manum

231 1602 351 1635 Christi
375 1601 466 1632 miles
491 1608 551 1631 nec
573 1600 607 1631 in
631 1608 748 1632 vanum

280 1651 397 1681 Aerem
422 1647 592 1688 percutiat,

232 1706 318 1738 Ecce
341 1714 452 1738 manus
476 1704 606 1736 inimica

231 1753 387 1794 Languet,
398 1752 543 1786 Christus
559 1752 634 1784 dum
646 1751 778 1791 antiqua

277 1801 425 1833 Renovat
447 1799 611 1839 miracula,

233 1859 317 1890 Vere
341 1866 464 1898 pauper
490 1860 522 1888 et
546 1856 690 1896 abjectus

233 1906 297 1938 Sed
321 1906 447 1946 insigne
471 1904 571 1945 gessit
594 1908 705 1943 pectus

278 1953 406 1985 Nobilis
430 1952 598 1989 Antonius,

235 2011 345 2043 Ortum
370 2009 470 2041 traxit
494 2008 534 2040 ab
559 2007 713 2047 Hispanis

232 2057 360 2097 Pauper
386 2056 474 2088 dives
499 2064 561 2087 non
586 2055 701 2093 inanis,

235 2104 297 2136 Per
321 2112 412 2143 quem
433 2103 520 2134 vitae
544 2103 638 2134 datur
662 2101 755 2141 panis

284 2150 412 2183 Civibus
436 2150 570 2188 Italiae3

235 2208 310 2247 Quis
319 2209 377 2246 est,
388 2207 442 2246 qui
450 2214 486 2237 se
490 2206 558 2245 J'am
565 2214 630 2237 non
635 2206 776 2244 spernat,

235 2254 278 2292 Si.
298 2263 378 2294 quae
394 2256 483 2285 recta
499 2255 583 2292 sunt,
605 2252 776 2289 discernat,

238 2302 315 2334 Cum
340 2303 502 2340 spectores
527 2300 576 2331 sui
602 2301 710 2330 cernat

284 2348 377 2380 Orbis
397 2355 488 2387 reges
512 2346 607 2378 fieri?

835 1398 893 1431 ib.

835 1549 895 1584 21).

836 1702 894 1735 31).

835 1854 896 1888 4b.

837 2005 896 2039 5b.

836 2203 894 2236 6b.

916 1398 1007 1430 Nihil
1028 1398 1116 1430 valet
1141 1406 1218 1428 crux
1242 1397 1277 1428 in
1301 1395 1415 1439 fronte,

918 1445 996 1478 Cum
1022 1445 1063 1477 de
1088 1445 1194 1477 cordis
1217 1452 1349 1476 manans
1372 1441 1461 1475 fonte

966 1493 1062 1524 Virus
1087 1493 1185 1524 vitam
1210 1492 1312 1524 vitiat.

920 1549 1048 1582 Laudes
1075 1558 1148 1589 ergo
1171 1551 1297 1589 promat
1321 1548 1422 1579 laetas

916 1597 961 1629 Et
984 1597 1135 1638 ignorans
1159 1597 1257 1628 laude
1279 1598 1381 1627 metas

966 1644 1053 1676 Voce
1075 1644 1174 1676 vitam
1199 1642 1321 1677 fulciat.

916 1702 981 1734 Per
1005 1701 1124 1741 abjecti
1150 1701 1253 1732 cultus
1276 1701 1379 1733 virum

918 1749 1047 1781 Pellens
1072 1749 1196 1781 hostem
1220 1748 1333 1788 procul
1360 1747 1463 1780 dirum

966 1797 1012 1829 Et
1033 1796 1134 1836 ipsius
1158 1797 1276 1836 Jacula.

919 1854 1037 1886 Audax
1061 1862 1178 1894 praeco
1203 1853 1295 1886 verbi
1319 1852 1391 1892 Dei,

917 1902 1009 1941 Quod
1034 1902 1181 1934 alludens
1206 1910 1321 1934 nomen
1345 1900 1393 1932 rei

965 1949 1085 1981 Panclit
1110 1949 1299 1981 evidentius.

918 2005 1038 2037 Forma
1061 2015 1185 2037 morum
1214 2007 1268 2038 hic
1292 2006 1463 2044 Minorum,

917 2052 1038 2084 Hortos
1060 2054 1146 2093 rigat
1169 2054 1336 2093 Italorum,

918 2100 965 2132 Ut
990 2100 1116 2132 dicatur
1141 2100 1214 2133 fons
1236 2104 1403 2133 hortorum

966 2148 1086 2179 Puteus
1111 2148 1299 2188 Hispaniae.

914 2204 1004 2235 Ecce
1028 2204 1119 2236 vides
1146 2209 1331 2238 coronatum

917 2252 1093 2283 Antonium
1119 2253 1335 2294 sublimatum,

920 2298 1018 2337 Quem
1044 2299 1154 2332 vidisti
1179 2300 1371 2335 minoratum

967 2346 1065 2378 Sacco
1088 2350 1209 2379 tectum
1233 2349 1345 2382 veteri.
