1653 2632
669 120 926 156 —143-

136 212 193 245 δα.
220 210 300 244 Post
323 222 498 253 poenarum
523 224 640 256 genera
823 217 881 251 3b.
904 219 928 251 O
954 218 1126 258 Dorothea,
1152 219 1239 259 regio

220 259 348 301 Martyr
374 262 494 295 Christi
517 266 629 295 tenera
905 265 991 297 Nata
1016 266 1194 307 privilegio,

223 306 336 347 Capite
360 310 541 349 privabitur
907 311 1071 345 Poscimus
1094 316 1130 345 tu
1153 313 1280 345 illustra

219 354 299 387 Mox
323 358 453 389 tortoris
479 358 596 398 gladio.
905 360 972 392 Nos
997 361 1094 392 solari
1119 361 1220 394 radio.

217 431 300 458 Miss.
315 432 485 461 Hilan'ense
499 434 582 461 vm.
606 442 682 462 saec.
699 433 743 462 15.
767 449 805 455 ———
828 433 880 468 lb,
902 433 920 463 3
934 435 1078 463 Traditor.
1098 450 1137 455 —
1157 434 1209 470 lb,
1231 434 1248 463 5
1261 436 1395 464 creditur.
1412 451 1450 456 —

145 468 215 496 Mel.
235 470 425 498 vermuflieh:
446 472 549 499 Mundi
570 474 732 505 renovatio,
754 473 892 500 deutsche
913 472 1083 509 Singweise.

571 601 630 633 188.
670 602 714 632 De
734 603 845 633 sancta
865 603 1028 634 Dorothea.

140 678 198 711 la.
226 677 330 722 Salve,
358 679 447 719 virgo
472 688 636 720 generosa,
827 681 886 716 1b.
908 681 1010 714 Jubar
1031 683 1116 715 altae
1141 683 1296 715 claritatis

223 724 348 764 Sponsa
373 726 493 759 Christi
517 727 671 767 speciosa,
907 729 953 761 Et
976 730 1147 763 immensae
1173 731 1335 771 dignitatis

267 772 440 805 Veneraris
465 773 578 814 hodie3
955 777 1052 817 Apud
1077 786 1182 817 regem
1208 778 1337 818 gloriae.

138 831 198 862 2a.
227 828 416 861 Senatorum
440 831 592 871 prosapia
828 832 885 865 2b.
908 832 1072 865 Dorothea
1097 833 1254 874 vocitariS,

225 876 337 909 Ortum
364 877 464 918 ducis,
491 878 581 919 virgo
605 879 670 919 pia,
909 879 1083 919 Sumopere
1105 881 1263 913 adamaris

271 923 349 956 Cum
374 925 527 957 virtutum
552 926 722 966 schemate,
954 929 985 958 A
1010 927 1102 960 beato
1127 930 1304 968 pneumate.

139 982 200 1014 3a.
228 980 398 1013 Fabricius
424 983 636 1026 conculcatur,
827 983 885 1015 3b.
909 982 1034 1015 Scrtum
1060 982 1181 1015 fulvum
1207 986 1239 1015 et
1260 987 1449 1024 gemmatum

224 1027 341 1060 Poenis
367 1028 474 1069 Stygis
501 1030 673 1069 deputatur
910 1030 983 1062 Tibi
1010 1031 1117 1062 datum
1143 1034 1176 1062 et
1199 1031 1360 1063 stellatum

268 1076 333 1107 Pro
358 1085 416 1108 sua
439 1076 571 1115 malitia,
954 1078 1018 1110 Pro
1043 1081 1099 1110 tua
1121 1078 1245 1110 militia.

138 1133 199 1164 4a.
225 1131 348 1175 SurdiS,
377 1133 509 1174 claudis,
537 1133 651 1173 caecis,
673 1133 766 1165 nudis
826 1133 886 1166 4b.
909 1134 973 1166 Per
996 1134 1111 1165 merita
1135 1143 1193 1166 sua
1216 1143 1307 1166 sacra

223 1177 315 1211 Salus
341 1180 434 1212 adest
459 1183 492 1211 et
516 1179 686 1219 defunctis,
908 1180 1117 1212 Daemonium
1143 1184 1176 1212 et
1199 1182 1343 1222 podagra

267 1225 419 1266 Leprosis
446 1230 478 1258 et
501 1228 684 1266 contractis,
958 1228 1071 1270 Abest,
1098 1227 1198 1260 febris
1221 1233 1254 1261 et
1276 1228 1389 1268 pestis.

138 1284 194 1315 Sa.
221 1282 306 1314 Dum
331 1282 468 1323 profana
492 1284 663 1324 reputaris,
826 1283 885 1317 5b.
908 1284 1008 1316 Fame
1034 1284 1089 1316 diu
1115 1284 1277 1325 cruciaris,

220 1331 257 1362 In
284 1332 407 1363 catasta
432 1329 622 1363 confrixaris
909 1330 1039 1363 Faculis
1067 1331 1154 1363 duris
1180 1332 1330 1363 cremaris

267 1377 429 1417 Uncisque
453 1378 596 1410 laniaris.
953 1378 1123 1418 Virgisque
1147 1377 1330 1419 flagellaris,

137 1435 195 1467 6a.
222 1434 301 1467 Post
332 1434 413 1466 haec
434 1434 542 1467 scriba
566 1434 762 1474 Theophilus
823 1434 882 1468 6b.
904 1435 1009 1467 Adest
1032 1443 1113 1474 puer
1137 1437 1343 1476 purpuratus,

219 1481 268 1513 Te
292 1482 438 1521 exposcit
459 1482 643 1514 incredulus
903 1482 1030 1522 Inquit:
1056 1482 1156 1522 virgo,
1182 1485 1219 1514 ut
1241 1483 1284 1514 sit
1307 1485 1427 1524 gram,

267 1528 335 1562 Sibi
359 1529 445 1560 mitti
468 1530 562 1570 mala,
589 1538 688 1572 rosas,
950 1529 1127 1569 Theophilo
1152 1529 1213 1561 hoc
1236 1532 1407 1569 praesenta

312 1575 442 1617 Signum
467 1577 515 1609 tui
538 1577 654 1610 meriti.
995 1576 1122 1609 Donum
1146 1577 1230 1617 regis
1255 1577 1368 1609 incliti.

134 1634 190 1666 7a.
217 1633 332 1665 Statim
358 1634 482 1665 cervice
507 1636 639 1666 extensa
821 1633 878 1666 7b.
901 1634 979 1665 Mox
1003 1634 1149 1666 auditur:
1171 1642 1298 1674 sponsa,
1324 1634 1407 1674 veni,

216 1681 295 1713 Orat
319 1689 398 1713 voce
423 1689 494 1713 cum
517 1682 671 1713 immensa
901 1680 976 1712 Tibi
1002 1681 1094 1721 dabo,
1120 1681 1153 1712 in
1177 1681 1310 1721 perenni

264 1729 328 1761 Pro
351 1728 410 1769 his,
438 1737 457 1760 a
482 1728 596 1768 quibus
622 1728 737 1760 colitur
948 1728 994 1761 Ut
1017 1731 1122 1759 tecum
1146 1728 1194 1759 tui
1218 1728 1337 1760 servuli

311 1775 392 1815 Ejus
418 1774 497 1807 felix
521 1776 638 1815 passio.
995 1775 1140 1815 Regnent
1170 1784 1240 1807 cum
1264 1775 1418 1815 tripudio.

205 1850 289 1877 Miss.
309 1858 362 1877 ms.
383 1850 532 1886 Pragense
551 1850 578 1877 X
599 1850 626 1878 G
644 1847 691 1877 23.
707 1858 783 1877 saec.
805 1848 849 1877 15.
870 1865 909 1870 —
928 1848 979 1883 4a,
1001 1848 1016 1877 1
1038 1850 1058 1877 1.
1079 1850 1186 1877 mutis?

552 1970 614 2003 189.
653 1971 697 2002 De
717 1971 825 2003 saneto
846 1970 1017 2011 Ebrulpho.

549 2052 580 2084 1.
608 2051 765 2085 Solemnis
791 2051 853 2083 erit
879 2051 947 2083 dies

608 2101 640 2131 et
662 2098 879 2131 memorabilis
903 2099 976 2139 ista,

129 2170 186 2201 2a.
213 2167 283 2207 Qua
305 2166 493 2206 Ebrulphus
519 2166 595 2198 celsi
814 2166 872 2200 2b.
894 2165 1001 2198 Hodie
1024 2165 1067 2198 ad
1091 2166 1165 2206 agni

208 2215 292 2256 petit
317 2214 398 2247 coeli
422 2214 553 2254 palatia.
895 2213 1023 2253 nuptias
1048 2222 1146 2246 ovans
1172 2213 1278 2246 evolat

126 2284 182 2317 3a.
208 2282 318 2315 Fortis
343 2281 498 2322 agonista,
813 2279 871 2313 ab.
893 2278 1066 2320 Refulgent
1089 2279 1172 2312 atria

208 2330 344 2370 adeptus
369 2329 515 2362 bra-vium
537 2328 669 2369 jamjam
894 2336 956 2368 qua
982 2327 1100 2360 dilecta
1124 2328 1302 2362 Jerusalem

205 2378 329 2419 emicat,
896 2375 1017 2409 inclita.
