1653 2632
721 126 957 162 -59—

178 216 238 248 2a.
262 214 354 248 Haec
379 219 428 249 est
451 218 510 250 illa
534 219 634 263 virga,
661 221 753 253 Jesse

310 264 412 304 Quam
437 264 503 298 fert
526 267 627 299 Isaias

260 310 311 343 De
334 312 447 344 radice
470 316 579 346 natam
602 324 682 358 esse,

311 358 408 399 Cujus
432 358 491 392 fios
515 361 671 403 Messias;

261 406 425 439 Passionis
449 416 525 440 suae
547 418 650 441 messe

311 453 435 487 Stravit
457 456 568 488 mundi
592 457 672 496 vias,

261 501 385 533 Fructu
409 502 590 545 tricenan'o,

261 547 297 588 O,
325 557 396 580 cum
420 551 627 589 sexagenario

307 595 415 635 Atque
441 598 633 630 centenario.

177 660 234 692 3a.
260 660 351 692 Haec
377 662 417 693 de
440 671 537 694 manu
561 663 738 696 Pharaonis

309 708 407 741 Suum
432 709 536 741 salvat
560 712 746 754 masculum,

259 754 350 786 Haec
376 759 425 787 est
450 757 550 788 vellus
577 757 737 791 Gedeonis

306 802 393 835 Rore
419 803 525 836 ditans
551 807 724 847 vasculum,

258 849 349 882 Haec
374 853 422 882 est
445 852 515 884 veri
541 852 718 885 Salomonis

308 897 476 938 Singulare
495 897 651 932 ferculum

256 944 301 976 Et
326 945 425 977 turris
451 946 600 988 eburnea,

256 991 320 1031 Ha,
345 994 414 1024 tota
437 994 646 1033 resplendens
672 1004 779 1034 aurea,

305 1039 388 1071 Tota
412 1040 622 1074 delectabilis.

171 1106 229 1138 4a.
256 1105 347 1137 Haec
371 1109 419 1137 est
443 1107 541 1139 arbor
564 1106 760 1140 inflammata

303 1152 367 1185 Sed
394 1154 536 1185 comburi
559 1155 677 1195 nescia,

255 1199 356 1232 Stella
381 1200 481 1233 Jacob
504 1205 681 1242 procreata,

300 1248 379 1280 Veri
404 1248 481 1280 solis
508 1249 628 1290 nuntia,

252 1294 352 1326 Porta
378 1303 505 1335 semper
529 1295 688 1336 obserata,

301 1342 368 1374 Soli
392 1343 461 1382 regi
484 1343 606 1385 pervia,

253 1387 319 1420 Sed
344 1393 376 1421 et
400 1398 477 1421 arca
500 1389 640 1422 foederis

250 1435 362 1468 Allata
385 1436 492 1469 David
518 1437 668 1477 humeris,

296 1483 415 1524 Magno
439 1484 567 1516 sublata
587 1485 701 1524 jubilo.

168 1550 229 1582 5a.
254 1549 330 1581 Istis
355 1549 486 1583 suffulta
510 1549 660 1592 flosculis,

297 1597 374 1629 Istis
399 1598 491 1630 malis
516 1598 644 1638 stipata,

249 1643 322 1676 Stat
344 1647 440 1677 exuta
464 1646 616 1685 periculis

296 1692 334 1723 In
357 1695 454 1732 portu
477 1693 630 1738 laureata,

249 1738 452 1771 Desideratis
478 1741 594 1772 osculis

297 1787 370 1819 Jam
395 1785 513 1819 fruitur
537 1787 642 1826 beata,

250 1834 428 1873 Coniuncta
451 1834 607 1874 trinitati3

249 1880 285 1923 O,
311 1881 469 1920 plaudant
490 1882 556 1921 jam
582 1883 686 1914 renati

294 1928 349 1960 Ad
373 1928 506 1961 verbum
530 1932 596 1961 tam
621 1939 729 1965 suave.

165 1996 222 2029 Ga.
249 1997 330 2038 Ave,
357 1996 474 2037 Maria,
501 1996 605 2037 gratia

298 2044 410 2085 Plena,
437 2044 479 2076 sit
503 2047 607 2076 tecum
632 2044 730 2088 Deus,

250 2091 471 2131 Corruptionis
496 2093 614 2134 nescia,

293 2139 395 2178 Quam
419 2140 556 2172 somniat
580 2140 734 2181 Judaeus,

245 2187 406 2219 Tabescat
432 2187 467 2219 in
492 2186 623 2219 fallacia

293 2235 453 2268 Seductor
477 2234 677 2275 Saducaeus3

243 2282 327 2317 Nam
352 2292 428 2316 vere
452 2284 666 2322 resurrexisti,

244 2331 280 2374 Ο,
310 2331 413 2363 dulcis
438 2334 543 2363 mater
570 2331 700 2371 Christi,

291 2379 432 2412 Reorum
456 2380 618 2412 miserere.

867 222 928 257 ab.
947 224 1038 256 Haec
1062 227 1111 256 est
1135 225 1296 258 Sunanit-is
1319 227 1387 267 illa,

865 666 924 702 3b.

860 1110 918 1143 412.

857 1553 915 1587 510.

858 1997 916 2031 6b.

997 272 1084 311 Quae
1107 272 1214 304 David
1238 274 1380 315 servivit,

948 320 1016 352 Ista
1039 318 1134 352 Jahel
1158 322 1223 351 tam
1247 321 1367 360 pusilla

996 366 1137 399 Sisaram
1163 368 1322 407 contrivit,

946 412 1038 445 Haec
1063 416 1112 446 est
1128 414 1238 454 regina
1263 415 1398 458 Sibylla,

995 462 1082 501 Quae
1105 462 1189 501 regis
1212 462 1314 494 adivit

949 508 1127 541 Salomonis
1151 509 1280 549 regiam,

949 555 986 596 Ο,
1018 556 1106 595 cujus
1131 556 1321 596 sapientiam

994 603 1096 635 Audit
1119 603 1153 634 in
1179 604 1328 637 sacrario,

945 668 1037 700 Haec
1059 671 1117 709 est,
1149 670 1182 701 in
1209 679 1269 709 quo
1296 678 1331 701 se
1354 671 1493 702 reclinat

993 716 1073 754 Rex,
1100 717 1346 758 reclinatorium,

948 762 1081 806 Viatori‚
1109 764 1183 796 dum
1210 764 1358 804 declinat,

993 810 1084 842 Haec
1108 817 1156 842 est
1183 811 1403 852 diversorium,

946 857 1051 897 Caput
1074 867 1170 898 super
1194 858 1276 890 hanc
1297 859 1432 891 inclinat

991 905 1064 937 Non
1088 905 1208 937 habens
1230 906 1388 946 tugurium

943 951 1014 983 Rex
1038 955 1188 984 aeternae
1213 953 1351 993 gloriae3

943 999 1006 1039 Ha,
1025 1008 1117 1039 quam
1134 1000 1235 1031 dulcis
1248 1002 1296 1031 est
1306 1000 1491 1042 memoriae,

989 1046 1097 1078 Mater
1120 1049 1186 1078 tam
1210 1046 1391 1079 laudabilis.

943 1110 1067 1143 Lunam
1091 1114 1179 1143 tenet
1194 1111 1273 1143 haec
1290 1112 1347 1144 sub
1364 1113 1488 1154 planta,

991 1157 1066 1190 Sole
1090 1161 1155 1190 stat
1178 1159 1385 1198 circumdata,

943 1205 1051 1243 Qualis
1077 1208 1182 1237 exstat
1207 1208 1239 1237 et
1263 1216 1357 1246 quam
1379 1209 1492 1239 sancta

991 1252 1053 1283 Tot
1077 1252 1197 1284 habens
1220 1253 1421 1294 charismata,

942 1298 1006 1330 Tot
1028 1297 1157 1340 figuras,
1183 1299 1275 1340 signa
1297 1303 1397 1341 tanta,

988 1346 1051 1377 Tot
1075 1346 1196 1378 habens
1221 1347 1430 1389 aegnigmata‚

942 1393 1025 1431 Quot
1049 1396 1124 1425 sunt
1150 1394 1229 1425 coeli
1253 1394 1377 1435 sidera;

938 1439 1001 1480 Ha,
1028 1444 1146 1480 quanta
1163 1441 1206 1472 sit
1231 1441 1408 1481 considera,

986 1487 1035 1519 Tu
1060 1488 1201 1528 quisquis
1227 1497 1260 1520 es
1283 1489 1317 1520 in
1339 1489 1453 1529 Jubilo.

940 1553 964 1586 Ο
987 1553 1134 1594 jubilum,
1162 1563 1222 1594 quo
1244 1554 1363 1594 jubilat

985 1601 1094 1633 Mater
1117 1605 1193 1634 nato
1217 1602 1317 1642 unita,

939 1649 965 1681 O
992 1658 1085 1689 quam
1108 1650 1277 1690 praeclara
1300 1650 1412 1682 rutilat

985 1696 1175 1736 Duplicibus
1200 1698 1325 1735 vestita,

938 1744 1126 1776 Translator
1149 1753 1212 1776 non
1238 1744 1284 1775 sic
1308 1745 1453 1783 ventilat,

985 1790 1084 1823 Fides
1110 1791 1228 1830 allegat
1248 1792 1304 1833 ita,

939 1837 1029 1876 Quod
1054 1840 1168 1878 regnat
1188 1838 1255 1877 jam
1281 1847 1352 1870 cum
1376 1838 1457 1880 Deo⁷

938 1885 975 1926 Ο,
998 1885 1101 1917 carnis
1127 1894 1198 1916 cum
1222 1886 1366 1926 tropheo,

985 1932 1072 1973 Ergo
1099 1933 1257 1965 dicamus:
1285 1933 1365 1966 Ave.

938 1999 1019 2039 Ave,
1045 1999 1153 2031 Maria
1176 2000 1299 2040 gratiae

985 2046 1103 2087 Mater,
1129 2047 1240 2079 mundi
1264 2048 1385 2089 regina,

937 2094 1046 2127 Mater
1073 2095 1322 2136 misericordiae,

986 2141 1082 2174 Salva
1106 2152 1164 2174 nos
1189 2152 1209 2174 a
1233 2143 1342 2183 ruina;

937 2189 1024 2222 Fons
1049 2190 1144 2230 vitae,
1170 2199 1252 2223 vena
1277 2190 1398 2231 veniae,

984 2238 1104 2271 Venire
1127 2241 1204 2270 tunc
1228 2237 1355 2281 festina,

939 2285 1017 2318 Cum
1041 2286 1137 2317 morti
1161 2286 1423 2328 propinquamus,

936 2334 973 2374 O,
1001 2336 1104 2365 tecum
1129 2334 1290 2366 valeamus

983 2383 1144 2422 Perpetuo
1169 2383 1319 2423 gaudere.
