1653 2632
704 102 962 136 —184—

256 194 340 223 Miss.
360 205 409 223 ms.
433 196 764 224 Roman«›-Francisean.
786 205 861 224 saec.
884 196 927 224 15.
950 197 1019 224 Cod.
1039 197 1198 224 Parisiens.
1219 194 1284 224 854.
1305 196 1339 223 A.
1354 197 1489 224 —Miss

181 243 235 261 ms.
261 234 590 261 Romano-Franoircan.
621 242 696 261 ⁵saeue.
728 233 772 261 15.
804 234 872 262 Cod.
900 235 1059 262 Parisiens.
1089 232 1172 261 9445.
1202 235 1234 262 B.
1259 248 1297 252 —
1320 234 1404 261 Miss.
1434 243 1487 262 ms.

181 271 511 299 Romano-Franciscan.
527 280 601 299 naec.
618 271 661 299 15.
677 271 747 298 Cod.
763 272 922 299 Parisiens.
938 271 1062 306 (Arsen.)
1077 270 1139 300 156.
1153 272 1184 299 C.
1194 286 1230 291 —
1241 272 1310 300 Mel.
1323 272 1486 300 natiirlich:

180 309 297 337 Laude*
318 311 420 337 crucis.
439 325 479 329 —
498 308 554 342 32³..
587 309 601 337 1
622 310 690 337 Jam
709 310 761 336 lux
780 310 814 337 A.
835 325 875 329 —-
894 307 944 344 3b,
966 308 984 336 2
1005 310 1119 337 revelat
1137 310 1211 337 fehlt
1229 310 1263 337 A.
1286 325 1322 329 —
1341 309 1393 345 ba,
1415 308 1433 337 2
1456 312 1487 338 in

180 347 330 375 incensum
350 347 408 375 AB.
426 362 466 366 —
485 346 535 380 9a,
556 346 573 374 2
596 349 647 384 qui
666 347 739 375 fehlt
752 347 812 375 AB.
826 362 865 367 ·-—
882 346 916 375 11
924 356 950 379 a,
971 346 990 375 4
1009 347 1123 375 familia
1142 348 1201 375 AB.
1222 362 1261 366 —
1281 346 1345 382 Hb,
1368 347 1383 376 1
1404 349 1485 376 vale-

184 384 256 412 bant
273 385 308 412 A.
327 400 360 404 —
387 383 455 413 121),
477 384 496 413 4
514 385 710 413 Sublevantur
723 385 757 412 A.

508 490 574 521 245.
616 490 650 521 In
672 491 885 522 Decollatione
905 499 928 522 s.
949 490 1099 522 Johannis
1123 491 1154 522 B.

182 559 236 592 1a.
264 558 422 591 Salvatori
443 560 597 598 jubiletur
861 561 919 594 lb.
944 560 1038 601 Cujus
1061 564 1146 593 meta
1169 571 1233 594 non
1258 561 1395 594 habetur

308 606 345 637 In
370 606 465 638 laude
490 607 538 638 sui
562 608 695 647 praevii,
989 608 1053 641 Sed
1077 618 1137 640 nec
1162 612 1258 649 caput
1280 609 1417 649 imperii.

181 663 236 693 2a.
264 663 361 700 Quam
387 663 512 695 occulta
531 664 662 703 judicia,
859 665 918 698 2b.
942 665 1001 704 Qui
1027 666 1130 697 carnis
1154 669 1226 705 post
1252 666 1351 697 exitia

262 709 359 747 Quam
385 713 497 749 operta.
522 712 654 743 consilia
942 712 1049 753 Digna
1076 713 1224 752 rependit
1250 714 1393 753 praemia

261 755 332 795 Dei,
358 757 438 788 nulli
462 759 613 799 patentia,
942 759 1018 792 Sola
1041 760 1162 792 vocatis
1188 761 1301 800 gratia.

181 813 237 845 3a.
263 811 419 851 Herodes,
447 814 517 845 dira
541 814 653 857 bestia,
860 816 917 849 3b.
942 816 1005 848 Sed
1032 819 1063 848 et
1088 825 1166 848 voce
1189 816 1315 849 nefaria

308 859 492 901 Johannem,
520 862 605 894 vitae
627 864 799 904 speculum,
989 864 1068 896 Post
1093 864 1214 895 dierum
1241 865 1433 896 curriculum

354 907 522 940 Herrendo
538 910 652 941 clausit
662 918 799 951 carcere,
1011 910 1097 943 Miro
1125 911 1285 943 damnavit
1311 912 1442 946 scelere.

179 963 235 995 4a.
262 963 323 994 Via
346 964 440 1003 vitae,
467 965 577 997 schola
600 976 731 1006 morum,
858 968 918 1000 4b.
941 967 1105 1000 Medicina
1129 971 1333 1008 peccatorum

308 1010 391 1041 Dum
419 1015 565 1043 causatur
586 1013 741 1053 impudici
987 1015 1223 1055 Reprobandae
1246 1017 1407 1048 meretrici

353 1059 492 1090 Herodis
518 1060 719 1101 adulterium,
1034 1062 1233 1102 Deportatur
1249 1064 1283 1095 in
1296 1064 1482 1102 praemium.

179 1113 233 1144 5a.
259 1113 415 1145 Nimirum
440 1115 534 1146 silent
560 1125 688 1157 organa,
859 1118 916 1151 5b.
939 1118 1053 1150 Mensa
1078 1119 1195 1159 migrat
1217 1119 1250 1151 in
1278 1128 1416 1161 caveam,

260 1160 486 1193 Obmutescunt
511 1166 541 1194 et
566 1167 728 1204 tympana,
940 1166 1024 1197 Dum
1050 1167 1091 1198 ad
1121 1174 1227 1198 vocem
1252 1166 1423 1200 femineam

307 1207 390 1239 Dum
416 1209 590 1248 spiculator
613 1211 768 1252 mittitur;
989 1213 1090 1253 Caput
1113 1214 1193 1253 justi
1216 1215 1418 1254 producitur.

179 1263 235 1295 6a.
262 1263 395 1296 Sanctus
423 1274 496 1305 ergo
523 1266 698 1299 decollatur
859 1269 919 1302 6b.
942 1270 1006 1302 Res
1031 1271 1062 1302 in
1088 1271 1208 1302 luctum
1235 1275 1454 1315 commutatur,

260 1310 304 1341 Et
324 1311 424 1350 ipsius
450 1317 543 1352 caput
570 1314 663 1346 datur
940 1317 1023 1349 Dum
1032 1321 1241 1357 praeceptum
1251 1322 1485 1352 consummatur

306 1357 478 1393 Saltatrioi.
986 1364 1155 1404 Impudici.

183 1413 237 1446 7a.
261 1413 363 1445 Luctu
387 1414 496 1447 finitur
521 1418 670 1457 gaudium
859 1422 877 1453 ’7
885 1420 917 1454 b.
940 1421 1016 1453 Sola
1041 1422 1160 1462 gaudet
1184 1422 1340 1463 adultera,

258 1460 302 1492 Et
326 1463 433 1501 regale
458 1464 634 1496 convivium
940 1468 1025 1500 Dum
1048 1469 1196 1500 tristatur
1221 1469 1313 1509 plebs
1340 1475 1447 1503 cetera

307 1508 400 1540 Cedit
423 1510 455 1541 in
481 1511 704 1552 homicidium3
988 1516 1126 1556 Propter
1151 1516 1260 1549 oblata
1284 1527 1426 1552 munera.

177 1563 232 1596 8a.
260 1564 377 1604 Regem
404 1575 477 1607 ergo
504 1567 696 1601 detestemur
857 1572 917 1605 8b.
939 1572 985 1605 Ut
1010 1582 1087 1613 quos
1112 1574 1213 1605 moles
1237 1575 1350 1607 mundi
1374 1578 1476 1616 urget,

256 1611 300 1643 Et
325 1622 515 1651 praeconem
539 1624 725 1649 veneremur
940 1619 1031 1652 Votis
1055 1620 1142 1653 levet
1166 1624 1199 1652 et
1223 1626 1388 1663 expurget,

305 1659 469 1697 Veritatis,
986 1669 1017 1700 A
1041 1669 1193 1707 peccatis.

209 1770 215 1776 ι
249 1732 331 1761 Μίεε.
358 1743 402 1762 ms
433 1736 505 1764 Luc·¹
514 1745 565 1764 nse
591 1746 666 1765 saec.
697 1737 739 1767 15.
762 1740 833 1768 Cod.
861 1741 932 1769 bibl.
952 1743 1032 1778 publ.
1054 1742 1238 1771 Olomucens.
1259 1745 1289 1772 11
1309 1746 1324 1773 Ι
1346 1744 1370 1773 1.
1393 1746 1427 1773 Α.
1448 1761 1486 1765 -

174 1769 256 1797 Miss.
283 1780 335 1799 ms.
356 1772 498 1810 Plagense
525 1784 538 1802 s
575 1777 648 1811 sign.
678 1785 753 1805 saec.
780 1777 825 1806 15.
846 1779 879 1806 Β.
900 1796 937 1800 -
958 1781 1041 1808 Miss.
1066 1790 1120 1808 ms.
1143 1781 1390 1811 Ceteschaviense
1409 1792 1485 1812 saec.

175 1805 219 1834 14.
243 1808 312 1836 Cod.
332 1810 470 1847 Pragens.
491 1813 562 1840 XIV
586 1812 609 1840 C
630 1812 657 1841 3.
679 1815 709 1842 C.
730 1831 768 1835 —
787 1816 924 1853 Sequent.
945 1827 998 1846 ms.
1012 1819 1162 1855 Pragense
1175 1821 1217 1848 VI
1232 1818 1253 1849 C
1276 1820 1320 1849 15.
1341 1830 1417 1849 saec.
1440 1821 1485 1850 15.

173 1845 211 1872 D.
233 1860 269 1865 —
290 1848 375 1875 Grad.
396 1858 448 1877 ms.
470 1850 696 1880 Schaftlariense
716 1862 793 1882 saec.
814 1854 859 1883 15.
883 1855 955 1884 Olm.
972 1858 1141 1885 Monacens.
1163 1856 1200 1887 23
1211 1857 1276 1887 026.
1296 1860 1333 1887 E.
1346 1876 1384 1880 —
1399 1860 1486 1888 Grad.

174 1891 227 1911 ms.
248 1883 456 1915 Strahoviense
475 1890 543 1916 anni
567 1889 647 1918 1611.
667 1891 699 1918 F.
720 1907 758 1911 —
782 1891 832 1928 Ia,
853 1892 868 1921 1
885 1894 1046 1929 jubilemus
1068 1896 1099 1924 C.
1116 1895 1220 1928 ——2a,
1241 1895 1259 1924 2
1280 1900 1382 1934 optata
1400 1899 1434 1926 B.
1448 1915 1486 1920 —

174 1918 226 1954 51³.
248 1920 266 1948 2
287 1923 359 1951 Cum
380 1926 416 1952 ad
435 1935 537 1954 vocem
557 1929 588 1956 F.
609 1943 648 1947 -—
669 1927 721 1963 6b‚
743 1928 761 1957 2
783 1931 856 1958 Cum
879 1936 1067 1970 praeceptum
1089 1935 1121 1962 F.

505 2033 571 2064 246.
611 2035 653 2066 De
677 2043 700 2065 s.
721 2035 862 2067 Johanne
881 2037 1147 2077 Eleemosynario.

177 2095 231 2127 la.
258 2097 400 2131 Fervore
426 2101 602 2135 devotionis
859 2106 916 2140 11).
942 2108 1017 2140 Vita
1042 2110 1130 2149 cujus
1157 2114 1205 2142 est
1229 2112 1373 2152 insignis,

260 2145 461 2179 celebremus
487 2150 648 2182 eleimonis
942 2155 1000 2194 Qui
1024 2155 1162 2197 refulget
1187 2159 1278 2191 miris
1304 2160 1403 2200 signis

304 2192 457 2226 Johannis
482 2198 663 2238 praeconia,
988 2203 1082 2235 Nunc
1104 2205 1138 2236 in
1161 2206 1371 2240 Alexandria.

179 2247 234 2280 2a.
260 2247 344 2280 Puer
368 2251 454 2283 clara
478 2253 579 2293 stirpe
602 2257 695 2287 natus
859 2257 917 2290 2b.
940 2258 1136 2293 Litterarum
1164 2262 1290 2296 Christo
1317 2265 1398 2297 duce

257 2294 304 2326 Et
325 2305 404 2335 prae
430 2300 549 2331 cunctis
575 2302 740 2334 adamatus
941 2306 980 2338 In
1008 2308 1122 2340 aetatis
1147 2309 1252 2348 prima
1273 2311 1345 2342 luce

305 2343 448 2377 Mittitur
473 2348 515 2379 ad
539 2349 655 2389 studia,
987 2353 1112 2386 Didicit
1135 2357 1325 2395 primordia.
