1653 2632
715 120 759 125 ——
809 101 972 135 224—

216 200 271 231 4a.
294 197 350 228 Fit
371 196 520 228 sacerdos
544 196 670 236 piidem
694 204 795 235 sacer,
899 195 958 228 41³.
980 195 1113 227 Romam
1139 196 1251 233 petens
1276 193 1378 225 maria

299 244 410 283 OranS,
435 244 576 284 plorans,
603 243 690 282 vigil,
713 251 820 274 macer
981 242 1079 274 Sedut
1106 243 1137 272 et
1160 239 1329 280 naufragia

346 290 387 323 Se
410 290 479 323 Deo
505 290 722 330 suppeditans.
1031 290 1069 321 In
1093 287 1157 320 fide
1182 296 1244 319 non
1269 287 1441 319 haesitans.

214 348 269 380 5a.
299 347 419 379 Christi
443 355 553 379 servus
574 347 708 378 Romam
734 346 820 378 venit
900 346 956 379 5b.
981 345 1168 378 Gratulatur
1192 345 1376 384 imperator,

297 395 435 434 Pestem,
452 395 573 435 plagas,
590 393 719 426 morbos
728 393 816 433 lenit,
982 393 1072 431 Quod
1097 393 1215 431 ejectus
1241 395 1289 423 est
1313 394 1446 423 vexator

343 441 471 481 Effugat.
500 441 681 481 daemon1a3
1030 440 1168 480 Spiritus
1194 449 1214 471 a
1237 438 1313 471 filia.

218 501 273 532 6a.
301 498 433 537 Spernit
455 498 578 528 lucrum
603 497 788 536 temporale,
899 497 957 530 61).
979 497 1100 529 Romae
1122 498 1251 528 sanctus
1276 499 1481 528 conversatur

298 544 380 576 Dum
405 543 588 584 praefertur
612 544 774 575 aeternale
978 544 1025 576 Et
1050 544 1185 577 diversis
1210 543 1402 584 suffragatur

346 590 464 623 Christi
488 590 685 633 beneficium,
1028 592 1125 632 Regis
1150 600 1211 631 per
1234 591 1415 623 triennium.

215 649 233 681 '7
241 657 269 680 a.
293 647 399 679 Febre
416 649 490 687 post
502 648 581 679 haec
593 645 815 690 inflammatus,
898 648 955 682 7b.
978 649 1097 680 Vivens
1122 648 1189 679 vita
1217 648 1336 679 coelica

295 695 435 727 Goelitus
460 696 518 726 sed
544 694 751 726 obumbratus
979 696 1098 728 Turma
1123 704 1193 727 cum
1218 696 1362 735 angelica

341 742 463 773 Mundo
487 742 623 773 mundus
648 743 793 784 moritur,
1029 743 1140 776 Gloria
1164 741 1349 783 perfruitur.

214 798 268 831 8a.
295 798 416 830 Terrae
434 806 547 838 corpus
567 799 813 842 commendatur,
896 800 954 834 sb.
978 800 1149 832 Extorrem
1176 800 1360 831 condiverat

296 845 365 877 Nec
386 846 419 876 in
444 849 532 877 terra
558 850 768 877 commoratur
976 847 1133 887 Princeps
1159 850 1191 879 et
1219 847 1386 879 remiserat

343 892 448 925 Extra
470 895 590 924 terram
614 894 762 933 positum,
1025 895 1064 926 In
1090 903 1186 934 capsa
1210 895 1419 927 reconditum.

214 950 269 982 9a.
295 949 391 980 Hunc
415 950 580 981 remissum
602 958 678 981 suae
710 953 816 981 terrae
896 952 954 985 9b.
978 952 1075 984 Vivus
1098 952 1217 984 dudum
1242 952 1303 983 hoc
1327 952 1451 991 optavit

293 996 447 1036 Princeps
469 996 562 1036 jubet
585 1006 658 1028 suos
680 995 767 1029 ferre
977 999 1022 1031 Et
1045 999 1166 1039 legatos
1189 999 1342 1039 obligavit

343 1043 422 1076 Cum
447 1044 566 1075 honore
590 1044 688 1085 regio,
1023 1047 1154 1079 Pridem
1179 1047 1240 1078 hoc
1263 1045 1378 1078 officio.

189 1100 267 1132 10a.
293 1100 475 1132 Liricantus
502 1098 607 1131 fertur
632 1101 730 1136 vicus,
873 1103 954 1136 1012.
977 1103 1175 1135 Liricantum
1199 1103 1367 1143 habitavit,

294 1146 360 1178 Ubi
385 1146 504 1178 Christi
529 1150 578 1178 est
601 1148 718 1178 amicus
976 1150 1071 1182 Vitae
1094 1151 1189 1182 liram
1213 1151 1406 1190 temperavit

344 1192 536 1225 Corruscans
555 1194 734 1234 miraculis3
1024 1197 1098 1229 Non
1123 1198 1232 1230 deliris
1256 1198 1404 1230 modulis.

189 1250 268 1282 lla.
293 1249 813 1295 Hinctranslatus,hinchumatus,
872 1253 952 1286 11b.
976 1255 1014 1286 In
1039 1254 1101 1286 hoc
1124 1255 1195 1286 loco
1220 1255 1436 1295 praestolatur

295 1296 360 1328 Ubi
384 1297 474 1335 vixit,
497 1301 534 1327 ut
560 1297 719 1337 praefixit,
978 1300 1109 1341 Stolam,
1135 1302 1169 1333 in
1194 1311 1256 1341 qua
1280 1303 1476 1343 sustollatur,

292 1343 356 1374 Hic
381 1344 523 1383 quiescit,
550 1344 603 1375 hic
628 1345 775 1376 clarescit
977 1349 1017 1380 ln
1042 1357 1104 1388 qua
1127 1352 1236 1381 sancto
1263 1348 1445 1381 conferatur

343 1389 519 1422 Galliarum
543 1392 679 1430 populis.
1026 1396 1102 1427 Vita
1125 1395 1337 1437 refrigerium.

190 1446 269 1479 12a.
296 1446 335 1477 In
358 1446 421 1477 hoc
443 1449 552 1478 sancto
576 1448 784 1488 speculemur,
872 1451 953 1483 121³.
980 1452 1004 1484 O
1029 1452 1080 1484 vir
1105 1456 1223 1496 sancte,
1252 1453 1426 1494 Maturine,

297 1492 405 1524 Sancti
429 1494 527 1525 vitam
551 1494 710 1526 imitemur
978 1498 1036 1530 Vir
1060 1499 1222 1542 virtutum,
1249 1500 1300 1532 vir
1328 1501 1445 1540 divine,

293 1539 339 1571 Et
362 1540 395 1571 in
425 1544 536 1572 sancta
567 1543 815 1582 contemplemur
978 1545 1038 1577 Vir
1063 1549 1207 1578 maturae
1231 1548 1410 1579 medicinae

340 1587 416 1619 Vita
441 1587 525 1619 vitae
548 1588 701 1620 bravium.
1027 1593 1114 1625 Dans
1140 1595 1244 1634 aegris
1268 1595 1456 1629 remedium.

189 1642 269 1675 13a.
296 1644 423 1683 Stringe
435 1647 563 1675 nostrae
572 1646 675 1677 carnis
684 1644 811 1686 fluxum,
872 1649 953 1681 131).
976 1649 1023 1682 Ut
1046 1651 1190 1684 vivamus
1216 1652 1388 1692 emundati,

295 1690 386 1722 Sicca
409 1700 506 1731 mare,
532 1700 635 1732 purga
658 1693 775 1733 luxum,
976 1697 1086 1737 Regno
1111 1698 1172 1730 Dei
1196 1700 1389 1739 praeparati,

292 1737 431 1777 Lepram
455 1747 533 1770 sana
557 1738 726 1779 Simoniae,
974 1744 1036 1776 Dei
1061 1744 1196 1777 formam
1221 1748 1480 1787 praetendentes,

293 1784 383 1817 Lava
406 1788 534 1817 nostrae
554 1795 670 1819 naevos
697 1787 786 1827 Line,
976 1792 1074 1824 Veste
1098 1794 1208 1833 sponsi
1232 1792 1427 1834 refulgentes

340 1833 487 1872 Quaeque
499 1835 654 1866 mundans
667 1836 809 1870 sordida.
1022 1840 1109 1872 Aula
1135 1841 1215 1872 coeli
1239 1840 1373 1882 fulgida.

262 1916 345 1943 Miss.
366 1925 418 1943 ms.
440 1916 469 1944 S.
489 1917 631 1946 Maturini
649 1920 808 1948 Parisiens.
830 1923 901 1949 anni
926 1921 999 1951 1510
1021 1924 1090 1951 Cod.
1111 1925 1253 1952 Mazarin.
1273 1923 1330 1953 430
1357 1923 1442 1961 (233).
1465 1941 1500 1946 —

186 1952 255 1981 Mel.
271 1953 443 1988 jedenfalls:
463 1955 579 1983 Laudes
601 1959 703 1985 crucis.

613 2073 679 2104 302.
718 2074 762 2105 De
782 2075 888 2106 sancto
909 2076 1075 2109 Maturino.

742 2142 787 2175 (In
808 2141 937 2180 Octava.)

189 2204 244 2237 la.
269 2205 367 2237 Flore
391 2206 466 2239 Sion
492 2209 670 2249 decoratur,
872 2211 929 2244 1b.
954 2213 1145 2253 Matutinus,
1171 2214 1230 2247 fios
1252 2216 1422 2256 jucundus,

270 2252 335 2290 Quo
362 2254 477 2286 decora
500 2259 666 2288 serenatur
953 2260 1074 2293 Fructu
1100 2262 1185 2294 vitae
1208 2261 1267 2294 flos
1291 2261 1456 2305 fecundus,

268 2298 314 2330 Et:
337 2309 450 2333 serena
470 2303 665 2342 jucundatur
952 2307 1028 2340 Sine
1051 2310 1163 2341 mundi
1188 2318 1284 2341 caeno
1307 2310 1442 2341 mundus

319 2346 443 2380 Galliae
465 2349 608 2390 lucifero,
993 2356 1134 2389 Pullulat
1159 2366 1179 2389 a
1202 2359 1321 2389 tenero.
