1653 2632
738 150 991 186 —109—

628 238 689 271 138.
718 241 762 272 De
781 244 889 275 sancto
908 244 1094 285 Augustino.

204 289 260 321 la.
288 290 425 323 Consors
452 302 528 326 sono
890 300 947 332 1b.
971 300 1076 333 Surda
1100 302 1185 341 aspis

333 337 473 372 Patrono
1017 347 1073 379 Fit
1093 349 1196 389 Jaspis

332 384 490 419 Decantet
514 388 582 421 vita
1016 395 1068 426 Ex
1091 396 1197 428 Basan
1223 398 1294 440 cita,

379 433 531 477 Alleluja,
1062 443 1127 475 Res
1151 444 1307 478 miranda.

201 488 257 519 iza.
285 488 331 520 Ut
356 490 447 521 audit
471 494 614 524 sanctum
639 497 745 526 mente
887 497 944 530 ab.
968 498 1065 538 Quem
1090 498 1161 531 fons
1190 510 1280 533 sacer
1306 502 1379 534 dum
1403 507 1510 544 novat,

283 536 481 577 Augustinus
505 537 543 570 fit
566 540 652 572 lente
966 546 1025 578 Pia
1047 547 1185 586 genitrix
1209 551 1284 580 ovat

330 583 386 616 Sol
413 585 452 616 de
477 586 589 626 stella;
1015 592 1147 634 Semper
1172 595 1268 629 clara.

199 639 255 672 3a.
283 639 428 679 Turgens
454 641 569 682 dogma
591 645 741 685 vanescit,
885 647 945 681 3b.
969 648 1015 681 Ut
1040 650 1095 681 dat
1121 651 1250 683 verbum
1275 651 1361 697 fidei,

281 686 384 718 Error
409 688 512 727 quivis
536 689 685 729 liquescit
964 695 1115 729 Haeresis
1139 698 1322 731 Manichaei

327 734 403 765 Pari
428 733 541 775 forma,
1013 744 1069 776 Fit
1094 748 1252 785 corrupta.

195 790 253 821 4a.
280 789 411 823 Mandit
436 792 540 824 cibum
563 795 743 836 grandium,
881 798 941 831 4b.
964 799 1109 840 Triginta
1134 811 1193 833 nec
1217 812 1279 835 non
1302 804 1390 836 mille

279 837 397 877 Fitque
421 848 497 879 pars
524 840 687 873 humilium
962 846 1106 880 Dictavit
1129 849 1229 881 libros
1254 851 1310 882 ille

327 885 430 918 Carne
455 890 591 929 sumpta,
1010 894 1103 926 Valle
1126 899 1244 929 nostra.

195 941 249 972 5a.
279 938 489 982 Coaequalem
515 945 656 984 genitum
881 949 938 981 5b.
963 949 1042 988 Quia
1065 951 1161 983 miser
1181 953 1295 984 Arrius

276 988 366 1020 Patri
391 990 508 1029 probat
531 990 641 1031 filium,
960 997 1044 1029 Fide
1068 999 1157 1030 stetit
1182 1000 1306 1039 dubius,

276 1034 343 1073 Quo
370 1035 514 1069 confutat
537 1038 668 1070 Arrium
962 1043 1093 1083 Crepuit
1116 1046 1191 1077 hinc
1210 1047 1334 1078 medius

323 1083 435 1115 Mente
461 1093 574 1125 caeca3
1009 1091 1087 1123 Post
1111 1094 1288 1131 praedicta.

193 1138 248 1170 6a.
275 1137 387 1170 Dulcis
412 1141 600 1181 Augustine,
879 1146 937 1179 6b.
961 1146 1074 1188 Corde,
1101 1149 1209 1188 verbo,
1234 1159 1340 1193 opere,

273 1185 388 1217 Finem
414 1188 526 1227 culpae
551 1189 654 1221 trinae
960 1194 1083 1226 Munda
1107 1205 1164 1227 nos
1188 1205 1326 1236 propere

322 1234 397 1274 Fer,
423 1243 464 1265 ne
486 1235 671 1268 damnemur
1007 1241 1095 1273 Dans
1121 1251 1213 1282 quem
1238 1245 1346 1283 genuit

369 1289 445 1320 gens
470 1282 597 1317 misera.
1053 1298 1223 1329 puerpera.

269 1334 339 1362 eod.
359 1336 454 1363 Palat.
475 1338 642 1366 Vindobon.
662 1336 735 1367 3301
758 1348 833 1368 saec.
857 1339 902 1369 16.
923 1357 959 1360 —
979 1343 1048 1370 Mel.
1070 1344 1213 1372 offenbar:
1243 1346 1449 1375 Laetabundus

611 1410 672 1442 139.
703 1410 747 1443 De
767 1413 874 1444 sancto
894 1414 1079 1454 Augustino.

186 1463 242 1495 la.
271 1462 348 1495 Cum
373 1466 518 1504 patribus
546 1469 577 1498 et
597 1468 763 1507 prophetis
873 1469 931 1502 lb.
954 1471 1092 1510 Quorum
1119 1472 1205 1504 dicta
1226 1473 1375 1506 recitavit

315 1512 353 1544 In
380 1513 510 1545 coelesti
535 1514 645 1556 gloria,
1001 1518 1127 1551 Docens
1152 1520 1185 1551 in
1210 1521 1354 1561 ecclesia,

183 1567 241 1600 2a.
268 1567 409 1600 Verbum
434 1568 495 1600 Dei
520 1579 625 1613 manu,
653 1571 770 1612 lingua,
871 1574 929 1607 2b.
954 1574 1157 1608 Praedicavit
1181 1579 1277 1617 atque
1304 1578 1429 1618 scripsit

316 1616 393 1649 Cum
418 1625 533 1657 magna
559 1619 736 1651 constantia
1001 1623 1115 1655 Fultus
1139 1623 1201 1655 Dei
1226 1626 1339 1664 gratia.

182 1671 239 1703 3a.
267 1670 478 1704 Fortunatum
504 1675 727 1708 condemnavit
869 1678 927 1712 312.
948 1679 1062 1711 Fidem
1089 1683 1229 1713 nostram
1255 1683 1452 1715 conservavit

314 1718 390 1751 Cum
416 1729 475 1752 sua
499 1722 649 1761 versutia,
996 1726 1083 1759 Mira
1108 1728 1300 1768 eloquent-ia,

523 1779 556 1810 4.
584 1777 699 1818 Sicque
725 1781 886 1819 complens
915 1782 1000 1813 vitae
1025 1791 1148 1816 cursum

582 1825 620 1857 In
648 1827 777 1859 coelesti
801 1828 879 1860 sede
904 1838 1029 1860 sursum

651 1873 821 1907 Dormivit.

254 1924 372 1952 Prosar.
392 1934 445 1953 ms.
466 1926 652 1955 Franciscan.
673 1937 749 1956 saec.
772 1928 816 1957 14.
839 1929 907 1958 Cod.
927 1931 1087 1960 Parisiens.
1111 1931 1193 1964 1139.
1232 1935 1290 1962 Mit
1308 1936 1376 1964 Mel.

600 1996 664 2027 140.
695 1996 738 2028 De
757 1999 864 2052 sancto
885 1999 1067 2039 Augustino.

177 2050 233 2082 la.
260 2049 330 2082 Deo
355 2051 424 2091 regi
451 2050 666 2084 confessorum
867 2055 923 2087 ib.
948 2056 1045 2088 Plebs
1072 2060 1104 2088 et
1132 2058 1234 2091 clerus
1259 2069 1298 2092 ac
1321 2062 1458 2100 praelati

258 2098 383 2130 Psallat
407 2098 520 2131 chorus
545 2101 739 2140 angelorum.
948 2104 1093 2136 Psallant
1116 2114 1258 2139 summae
1281 2108 1428 2149 trinitati,

304 2146 430 2178 Psallat
454 2149 486 2178 et
510 2156 572 2179 vox
595 2147 766 2190 hominum,
994 2151 1062 2184 Deo
1087 2154 1173 2192 patri
1198 2154 1360 2189 luminum.

171 2203 228 2235 Qa.
257 2202 317 2241 Qui
339 2203 477 2243 scriptos
503 2204 536 2235 in
561 2204 644 2236 libro
671 2206 755 2237 vitae
863 2207 921 2242 2b.
943 2208 1027 2248 Quos
1045 2212 1081 2241 ut
1104 2208 1211 2242 ferant
1229 2210 1352 2244 fructus
1373 2215 1491 2247 multos

253 2249 349 2281 Facit
371 2252 408 2282 ut
432 2251 465 2282 in
490 2260 569 2284 vera
593 2252 659 2284 vite
945 2256 1038 2297 Colit,
1064 2261 1180 2299 purgat
1204 2260 1308 2292 minus
1334 2262 1436 2294 cultos

301 2297 428 2331 Christo
454 2299 566 2332 vivant
588 2300 747 2342 palmites,
989 2304 1106 2337 Rectos
1133 2306 1249 2339 docens
1274 2309 1430 2343 tramites.

167 2355 222 2387 3a.
252 2355 384 2395 Oquam
396 2365 521 2397 magna,
537 2366 630 2397 quam
640 2357 802 2398 profunda
857 2360 915 2394 3b.
942 2360 1040 2402 Petri,
1067 2363 1171 2403 Pauli,
1195 2364 1367 2406 Augustini

249 2403 287 2436 ln
313 2404 434 2448 electis,
461 2414 555 2445 quam
574 2405 718 2445 jucunda
937 2408 1073 2451 Lapsus‚
1100 2419 1190 2444 error
1214 2416 1290 2445 sunt
1315 2414 1414 2448 divini

295 2451 357 2484 Dei
383 2455 458 2485 suut
477 2453 611 2494 judicia,
985 2458 1105 2491 Arcani
1129 2460 1259 2494 indicia.
