1653 2632
691 100 952 135 —196—

173 194 230 226 8a.
258 192 374 232 Sponsi
398 193 445 224 tui
468 202 564 233 prece
588 196 642 235 pia
854 196 913 230 8b.
932 196 1064 229 Festum
1088 199 1178 229 tuum
1203 198 1411 239 celebrantes,

253 240 292 272 In
314 241 492 280 praesentis
517 242 603 273 vitae
627 243 679 274 via
934 243 1122 276 Memoriam
1148 249 1346 299 venerantes,

300 286 461 319 Fruantur
485 289 701 329 amplexibus3
982 290 1137 324 Floreant
1161 293 1343 326 Virtutibus.

172 342 229 375 9a.
255 342 342 382 Ergo
369 342 478 375 confer
500 345 629 384 pietatis
854 346 915 381 9b.
935 347 982 381 Ut
1007 350 1167 381 cantemus
1193 358 1301 382 omnes
1325 353 1431 384 tecum

253 389 321 421 Lac
346 393 378 421 et
403 391 518 422 donum
545 393 695 433 caritatis,
933 395 1085 435 Alleluja‚
1112 404 1239 428 carmen
1263 397 1392 440 laetum,

298 436 351 468 Da
372 437 483 469 salutis
508 439 620 478 oleum,
983 443 1179 482 Angelorum
1203 445 1369 479 canticum.

242 510 326 537 Mis-s.
353 518 405 537 ms.
425 511 622 540 Posoniense?
648 521 722 540 saec.
751 512 795 542 14.
818 514 887 543 Cod.
913 516 965 543 lat.
984 517 1102 545 Musaei
1122 517 1290 554 Hungarici
1317 519 1362 548 94.
1383 522 1418 550 A.
1439 538 1478 543 —

167 547 251 574 Miss.
282 555 334 574 ms.
360 547 559 577 Posoniense?
587 558 661 578 saec.
694 550 737 579 14.
765 552 835 580 Cod.
866 553 917 580 lat.
947 555 1065 582 Musaei
1093 555 1261 592 Hungarici
1290 556 1356 587 215.
1383 561 1417 588 B.
1437 576 1476 580 —

167 585 274 619 Hymn.
302 587 332 612 et
350 585 487 621 Sequent.
513 596 567 614 ms.
587 587 616 615 S.
636 589 816 617 Emmerami
845 599 921 619 saec.
950 590 994 619 15.
1018 593 1090 621 Clm.
1111 594 1280 624 Monacens.
1306 594 1341 624 14
1352 596 1417 626 667.
1438 614 1475 619 —-

166 623 217 657 4b,
241 620 255 649 1
277 630 319 658 sq.
342 625 468 651 exterius
489 624 655 653 doctoribus
675 627 772 655 fehlen
791 628 826 655 A.

575 745 634 776 261.
673 746 716 778 De
736 749 847 779 saneta
865 749 1055 782 Katharina.

578 815 610 848 1.
636 816 835 850 Katharinae
859 819 992 860 virginis

634 863 710 895 Vita
734 863 813 897 felix
839 868 871 898 et
894 866 977 908 fim's,

680 910 800 944 Nostra
824 922 898 953 spes
924 917 957 946 et
979 916 1091 956 gloria.

164 966 223 999 23.
248 965 335 996 Vicit
357 967 467 999 mundi
491 970 608 1008 gaudia
845 975 904 1009 2b.
925 976 1083 1009 Puellaris
1108 979 1191 1012 actio

243 1011 340 1053 Regis
367 1016 399 1045 et
423 1016 554 1048 consilia
924 1023 1064 1056 Dolente
1085 1026 1262 1068 Maxentio,

293 1059 370 1091 Cum
395 1070 516 1094 summa
540 1064 691 1106 victoria3
973 1072 1162 1105 consolatur
1189 1076 1306 1110 omnia.

162 1116 218 1148 3a.
243 1114 346 1147 Deum
369 1126 465 1149 unum
490 1120 604 1161 colere,
842 1125 900 1159 3b.
924 1126 1028 1168 Regni
1051 1132 1211 1169 sceptrum
1235 1133 1330 1165 unica

242 1161 328 1194 Deos
351 1164 460 1203 plures
484 1175 645 1208 spernere,
924 1173 1085 1214 Spernens
1111 1179 1160 1209 est
1183 1179 1226 1211 ad
1251 1181 1371 1214 coelica

290 1209 392 1243 Facta
416 1215 465 1243 est
488 1216 686 1253 praenuntia.
969 1221 1166 1262 Exspectata
1188 1227 1315 1267 gaudia.

161 1266 221 1297 4a.
249 1265 424 1305 sophorum
449 1270 619 1302 versutiam
840 1275 901 1310 41).
921 1277 1077 1318 Reginam
1100 1280 1135 1312 in
1159 1284 1353 1317 consortium

244 1312 350 1344 Vertit
372 1314 406 1345 in
430 1316 601 1357 solertiam,
923 1324 1037 1357 Trahit
1061 1329 1094 1358 et
1117 1328 1339 1374 Porphyrium,

289 1359 412 1391 Horum
438 1362 512 1393 dum
536 1365 683 1404 opposita
969 1372 1053 1412 Quos
1078 1374 1118 1405 ab
1143 1375 1296 1415 idolatria

286 1406 395 1439 Prima
419 1411 468 1440 est
490 1409 615 1445 intuita.
966 1419 1046 1458 Ejus
1070 1421 1151 1454 lavit
1175 1424 1289 1463 gratia.

160 1462 216 1494 5a.
242 1461 348 1502 Virgis
373 1472 464 1496 caesa
488 1468 553 1498 stat
572 1467 696 1510 illaesa,
840 1473 898 1507 5b.
921 1473 1121 1517 carceratur,
1148 1478 1347 1514 confortatur

240 1508 326 1541 Dum
350 1513 525 1552 torquetur,
551 1514 719 1549 confitetur
921 1521 984 1554 Cor
1007 1524 1144 1566 puellae,
1171 1529 1206 1558 tu
1230 1529 1363 1571 repelle,

287 1557 396 1589 Jesum
419 1567 516 1598 super
540 1563 662 1604 omnia3
967 1570 1060 1609 Quod
1082 1580 1172 1605 mens
1196 1574 1289 1607 timet
1311 1579 1449 1613 conscia.

160 1613 214 1645 Ga.
241 1612 348 1645 Ruunt
374 1615 420 1646 rei
444 1614 548 1648 fracta
572 1621 653 1659 rota,
839 1623 897 1657 6b.
919 1624 1102 1665 specularis
1126 1633 1201 1669 post
1223 1631 1303 1665 haec
1329 1639 1452 1675 cuncta¹

239 1659 328 1691 Nutu
350 1660 412 1692 Dei
437 1665 502 1694 stat
522 1664 652 1698 immota
923 1673 1044 1706 Stellae
1066 1677 1164 1708 maris
1185 1686 1218 1710 es
1243 1681 1397 1720 adjuncta

287 1707 426 1747 Operum
449 1718 509 1750 per
528 1713 660 1754 merita3
968 1720 1032 1753 Sed
1057 1722 1178 1756 honore
1200 1726 1340 1762 subdita.

157 1763 176 1795 7
184 1772 213 1796 a.
239 1763 358 1805 Pugna,
384 1774 490 1806 regem
513 1777 574 1808 qua
598 1770 712 1812 vicisti,
840 1774 897 1809 7b.
920 1776 1111 1821 Katharina,
1137 1781 1223 1821 quod
1245 1793 1336 1817 mons
1361 1786 1439 1820 Sina

239 1811 317 1851 Lac,
342 1811 376 1843 in
398 1816 503 1846 morte
527 1816 613 1855 quod
637 1816 760 1862 fudisti,
919 1823 967 1856 Te
990 1834 1050 1864 per
1071 1827 1201 1861 chorum
1225 1833 1410 1872 angelorum

285 1858 387 1891 Beata
410 1860 502 1893 nobis
526 1864 644 1902 gaudia
969 1871 1106 1914 Collegit
1130 1884 1201 1908 cum
1225 1879 1337 1921 gloria,

285 1904 450 1939 Fuderunt
473 1908 508 1940 in
532 1911 675 1947 ecclesia.
967 1919 1125 1953 Mundum
1152 1924 1258 1963 replet
1280 1926 1415 1963 laetitia.

159 1961 216 1993 Sa.
240 1961 327 2001 Ergo
349 1963 404 2003 pia
427 1964 588 2007 miserere,
838 1973 893 2007 8b.
916 1974 976 2013 Qui
1002 1979 1164 2010 cantamus
1188 1980 1242 2011 hic
1262 1982 1414 2025 jucunde,

238 2009 309 2041 Hac
332 2009 365 2041 in
391 2011 444 2043 via
466 2021 524 2045 nos
549 2016 648 2055 tuere,
920 2021 967 2052 Te
988 2032 1143 2065 rogamus,
1169 2035 1282 2065 preces
1309 2029 1409 2064 funde

241 2054 384 2088 Creatori
408 2061 514 2091 votum
539 2061 628 2093 chori
921 2068 968 2101 Ut
991 2066 1009 2100 ὃ
1034 2069 1116 2108 θεος
1140 2081 1247 2106 omnes
1271 2084 1344 2109 reos

289 2103 469 2138 Clementer
494 2109 645 2149 concilia3
967 2116 1105 2150 Mundet
1127 2119 1203 2153 data
1227 2123 1331 2158 venia.

584 2166 615 2197 9.
640 2167 745 2199 Amen
770 2169 879 2202 dicant
902 2172 1017 2207 omnia.

233 2228 315 2256 Miss.
336 2239 389 2257 ms.
409 2231 624 2263 Sloterdicense
644 2238 714 2264 anni
735 2236 817 2266 1480.
841 2240 910 2268 Cod.
931 2242 1086 2272 Hafm‘ens.
1098 2245 1196 2274 Thott.
1216 2247 1266 2275 fol.
1289 2247 1353 2278 148.
1368 2251 1403 2278 A.
1425 2267 1463 2273 —

157 2266 242 2293 Miss.
275 2275 328 2294 ms.
359 2268 388 2296 S.
408 2269 557 2299 Pancratii
585 2274 746 2309 Leydensis
774 2285 850 2305 saec.
881 2278 925 2306 15.
956 2280 1026 2308 Cod.
1055 2283 1215 2313 Parisiens.
1244 2285 1369 2324 (Arsen.)
1398 2288 1463 2319 160.

157 2303 192 2330 B.
212 2320 250 2324 —
269 2304 338 2332 Mel.
355 2306 525 2341 jedenfalls:
551 2312 639 2339 Mane
663 2313 758 2348 prima
778 2316 903 2344 sabbati.
924 2332 961 2337 —
980 2317 1039 2356 3a,
1062 2319 1077 2348 1
1099 2323 1159 2350 und
1178 2322 1234 2358 3a,
1256 2322 1274 2351 2
1294 2329 1465 2362 umgestellt

158 2342 192 2369 B.
211 2358 249 2362 —
269 2340 319 2376 6b,
342 2342 357 2370 1
379 2344 540 2380 spiculatis
560 2349 595 2376 B.
615 2365 652 2369 ——-
673 2350 729 2378 Str.
751 2351 768 2380 9
788 2353 862 2381 fehlt
880 2355 915 2382 A.
