1653 2632
713 136 977 171 -236—

187 240 230 273 11
243 248 271 271 a.
297 238 391 270 Tanti
415 237 517 277 patris
542 234 740 275 praesentiae
874 231 955 264 nb.
978 231 1024 264 Ut
1048 229 1160 260 stricto
1183 228 1218 259 in
1244 227 1387 261 examine

296 285 484 318 Prosodiam
508 282 649 314 laetitiae
978 277 1058 316 Ejus
1081 275 1155 308 fulti
1176 275 1338 315 juv-amine

296 334 366 365 Vox
389 332 521 363 renovet
546 329 699 361 ecclesiae
977 324 1111 364 Requiei
1135 323 1325 354 interminae

341 379 440 410 Terso
463 377 548 409 omni
568 376 688 415 nubilo,
1025 370 1234 404 Perfruamur
1253 370 1364 410 jubilo.

265 462 337 489 Clm.
356 462 523 488 Monaeens.
543 457 629 487 3525.
646 466 722 485 saec.
746 455 790 485 12.

573 577 640 608 320.
679 576 715 607 In
739 575 943 607 conversione
965 583 989 606 s.
1006 574 1106 606 Pauli.

186 661 244 694 1a.
271 659 445 691 Salvatoris
469 666 580 689 manus
605 655 708 696 fortis,
871 654 930 688 1b.
949 654 1022 686 Hoc
1044 655 1078 686 in
1102 654 1155 686 die
1178 663 1235 686 vas
1260 653 1416 693 squaloris

267 706 353 745 Quae
379 706 419 737 (le
442 704 646 736 tenebrarum
670 703 771 743 portis
951 703 988 735 In
1013 711 1069 733 vas
1093 701 1206 741 templi
1231 704 1263 732 et
1286 701 1414 732 honoris

319 753 439 784 Lumen
466 752 521 784 dat
545 751 778 792 splendescere,
997 749 1103 781 Nacta
1131 752 1179 780 est
1205 751 1396 780 convertere.

187 812 244 843 2a.
269 809 369 841 Manu
392 809 454 841 hac
474 808 712 849 obstetricante,
871 806 929 838 ab.
955 805 1062 838 Currit
1085 805 1207 845 Joseph
1231 805 1318 837 velut
1344 805 1420 843 ovis,

270 856 407 890 Coluber
432 856 486 896 qui
511 854 570 887 fuit
595 858 679 886 ante.
951 853 1060 892 Lupus
1085 861 1185 891 rapax
1209 852 1312 883 modis
1335 852 1426 883 novis

315 903 470 935 Fremens
491 903 557 942 J'am
585 902 739 941 educitur,
1000 900 1129 931 Pastum
1153 900 1239 931 vitae
1262 899 1414 938 sequitur.

186 962 243 994 3a.
269 960 321 992 Ex
345 960 492 1000 Aegypto
517 961 609 990 vocat
633 958 766 997 prolem,
870 956 928 990 3b.
950 956 1004 989 Sic
1029 955 1173 988 columba
1195 955 1327 987 milvum
1352 954 1437 995 ferit,

272 1006 366 1039 Nube
391 1010 507 1038 tectum
533 1006 634 1037 nudat
658 1005 757 1036 solem
952 1005 1069 1037 Caesus
1086 1003 1198 1043 credit,
1218 1003 1352 1034 credens
1370 1003 1496 1042 quaerit

316 1054 371 1086 Sol
396 1053 518 1085 aeterni
541 1053 686 1093 luminis;
997 1051 1200 1083 Voluntatem
1225 1050 1373 1083 numiniS.

186 1113 243 1145 4a.
270 1111 369 1151 Syrus
393 1110 529 1142 mundus
554 1109 591 1141 fit
614 1109 730 1142 lotura.
867 1107 926 1141 4b.
949 1107 1025 1139 Saul
1049 1107 1140 1138 sedet
1165 1115 1234 1138 cum
1258 1106 1424 1146 prophetis

269 1158 458 1198 squammae
479 1157 606 1196 cadunt,
632 1155 717 1187 fellis
736 1164 812 1187 cura
948 1154 992 1186 Et
1017 1158 1171 1195 tyrannus
1194 1163 1265 1186 cum
1291 1153 1430 1193 athletis,

312 1205 396 1237 Dum
417 1204 556 1237 Thobias
579 1204 726 1244 ungitur3
997 1201 1082 1233 Dum
1107 1201 1221 1233 Saulus
1248 1201 1452 1234 convertitur.

188 1264 247 1295 521.
272 1261 400 1293 Laudes
426 1269 499 1300 ergo
526 1260 739 1297 decantemus,
869 1258 927 1292 5b.
947 1257 992 1290 Ut
1017 1266 1077 1297 per
1102 1257 1169 1296 eJ'us
1194 1258 1408 1289 interventum

270 1309 330 1348 Qui
354 1308 465 1339 salutis
490 1315 578 1346 spem
603 1306 755 1338 habemus
948 1305 1143 1344 Angelorum
1168 1305 1210 1336 ad
1236 1307 1421 1336 concentum

316 1356 380 1387 Per
405 1355 566 1393 exemplar
590 1353 721 1393 gratiae,
999 1352 1066 1383 Nos
1093 1352 1188 1383 ducat
1212 1360 1270 1382 rex
1294 1352 1424 1391 gloriae.

267 1439 351 1467 Miss.
370 1446 424 1466 ms.
443 1437 547 1465 Praed.
566 1437 795 1464 Vindobonense
814 1445 837 1463 s.
858 1437 932 1472 sign.
954 1437 1024 1462 anni
1046 1433 1127 1462 1477.

574 1556 633 1587 321.
673 1556 708 1587 In
731 1554 936 1587 conversione
958 1563 981 1585 s.
1005 1553 1104 1585 Pauli.

191 1641 247 1673 la.
273 1638 500 1672 Laetabundus
527 1638 674 1669 decantet
868 1635 926 1677 lb,
946 1635 1017 1667 Rex
1043 1635 1187 1668 Christus
1210 1632 1345 1665 mirifice

268 1687 410 1719 Devotus
437 1688 542 1717 coetus
951 1682 1114 1715 Convertit
1137 1682 1281 1720 Paulum,

316 1734 402 1765 Voce
426 1733 491 1773 pia,
999 1730 1063 1762 Res
1093 1729 1261 1769 stupenda.

184 1793 244 1824 2a.
269 1791 460 1822 Persecutor
483 1788 611 1821 Domini
873 1787 932 1821 2b.
956 1787 1169 1826 Privatusque
1193 1786 1312 1817 lumine

266 1838 483 1870 Perlustratus
507 1835 640 1868 fulmine
951 1835 983 1866 A
1010 1834 1116 1866 divino
1140 1834 1269 1865 numine

318 1885 546 1925 Prosternitur,
1002 1881 1190 1921 Corripitur.

184 1944 247 1976 3a.
275 1941 347 1981 Cur,
374 1941 428 1981 ait,
454 1940 656 1981 persequeris
872 1939 930 1973 3b.
953 1939 1037 1978 Quid
1055 1947 1106 1969 me
1127 1937 1220 1977 jubes
1245 1936 1363 1977 facere,

272 1990 392 2027 Jesum,
417 1990 527 2019 natum
551 1987 684 2028 virginis
954 1986 1082 2018 Asserit
1105 1988 1181 2016 tunc
1203 1985 1306 2016 libere

314 2036 426 2067 Mente
449 2034 543 2066 fora?
1002 2034 1089 2065 Voce
1112 2033 1208 2065 clara.

184 2094 246 2125 4a.
272 2092 326 2125 Ad
350 2092 541 2131 baptismum
565 2091 711 2133 mittitur,
872 2090 932 2124 4b.
954 2090 1118 2122 Annanias
1143 2089 1306 2129 quaeritur

269 2139 321 2171 Ex
348 2139 424 2178 lupo
451 2137 588 2170 efficitur
953 2137 997 2169 Et
1020 2136 1085 2168 fide
1109 2136 1278 2170 instruitur

320 2188 430 2226 Agnus
454 2186 559 2225 mitis;
1002 2184 1062 2215 Vir
1085 2184 1227 2224 insignis.

188 2244 247 2275 5a.
273 2242 373 2274 Trina
398 2242 450 2274 die
472 2243 597 2282 rapitur
875 2240 932 2273 5b.
953 2242 1040 2280 Quae
1061 2250 1171 2273 sensus
1194 2249 1259 2272 non
1281 2239 1422 2280 percipit

268 2289 312 2320 Et
342 2289 375 2320 in
402 2290 522 2320 coelum
549 2289 673 2321 ducitur
957 2287 1022 2320 Sed
1044 2297 1106 2320 nec
1127 2288 1235 2328 lingua
1260 2286 1419 2326 exprimit,

271 2337 321 2367 Ac
348 2336 382 2367 in
405 2336 510 2367 Deum
534 2336 674 2368 trahitur
955 2335 1031 2368 Illic
1054 2335 1200 2367 miranda
1224 2334 1317 2368 audit

319 2383 400 2414 Toto
426 2384 522 2415 corde
533 2395 541 2423 ;
1006 2382 1083 2414 Cum
1108 2385 1247 2422 stupore.
