1653 2632
703 104 965 138 —282—

188 203 243 234 5a.
270 200 334 233 Sed
358 203 402 240 tu,
430 200 516 241 Jesu,
541 209 644 233 mores
671 200 769 241 cinge,
864 199 923 232 5b.
945 199 1015 231 Nec
1038 201 1073 229 tu
1094 207 1152 230 nos
1177 198 1326 238 permitte
1349 197 1416 230 labi

265 247 439 288 Mundum,
491 257 632 287 carnem,
682 248 806 279 hostem
945 245 1015 278 Nec
1037 246 1227 277 necessitate
1250 245 1312 277 abi.

578 295 707 335 stringe.

186 352 241 384 6a.
268 351 411 383 Restitue
437 351 604 391 deperdita
864 350 922 384 6b,
942 350 1039 382 Adde
1062 350 1208 390 polorum
1232 350 1343 381 inclita

265 398 451 431 Sanctorum
473 407 532 438 per
556 398 713 439 suffragia.
943 397 1022 429 Post
1045 397 1124 429 haec
1147 397 1258 429 mundi
1282 396 1458 437 naufragia.

257 472 339 499 Miss.
364 481 417 500 ms.
443 474 657 510 Bambergense
681 481 757 501 saec.
785 471 828 500 15.
857 472 927 500 Cod.
950 472 1136 500 Gottwicens.
1165 471 1189 499 1.
1209 473 1244 500 A.
1264 488 1302 492 -
1323 472 1406 500 Miss.
1432 481 1485 500 ms.

183 509 466 538 Sanemmeramense
487 519 561 538 saec.
581 510 623 538 15.
641 511 713 538 Clm.
726 511 894 538 Monacens.
911 508 947 538 14
953 508 1018 538 450.
1032 511 1066 538 B.
1080 527 1117 531 —
1132 511 1204 539 Orat
1216 519 1270 538 ms.
1283 512 1487 546 Augustanum

183 555 257 574 saec.
286 545 330 575 15.
353 547 423 575 Olm.
448 549 615 576 Monacens.
643 547 727 577 3702.
754 549 785 577 Ο.
816 563 850 567 —-
882 549 964 576 Miss-
991 557 1044 576 ms.
1071 549 1249 576 Monacense
1276 547 1313 577 23
1324 547 1388 577 267.
1409 557 1485 576 saec.

183 583 227 612 15
247 585 307 650 11)(111
332 626 462 651 vermute
488 624 530 652 als
551 625 635 652 Mel..
663 624 686 652 O
710 625 798 653 beata
822 625 982 653 beatorum.
1003 639 1042 643 —
1063 622 1120 657 lb,
1144 623 1158 652 1
1180 625 1277 653 Patris
1299 633 1363 652 cur.
1357 634 1414 652 um
1435 625 1485 660 (1111

180 660 229 686 Α.·
223 661 387 695 ,·Marty1is
409 670 524 689 cursum
543 663 576 690 B.
595 677 634 681 —
653 661 742 696 23,1
762 663 859 698 Hujus
879 663 941 690 BD.
960 677 997 681 —
1017 660 1237 699 3a‚1Aquam
1252 663 1433 691 aimlenterA
1447 678 1486 682 —

180 681 233 730 41³²,
253 696 271 726 3
291 699 437 726 Plaudant
457 708 524 735 ergo
545 709 624 728 nunc
645 701 705 728 GD.
725 717 763 721 -
782 700 841 734 4b,
863 699 882 728 4
901 700 1013 728 Sonent:
1032 700 1106 728 coeli
1123 702 1238 729 numini
1255 701 1299 735 D;
1326 702 1416 729 Trino
1438 709 1484 728 so-

179 738 252 763 nant
272 738 305 763 in
324 745 414 764 unum
434 737 470 765 A.
491 753 528 758 —-
549 738 607 770 51),
636 737 650 766 1
672 747 715 775 sq.
735 739 809 766 fehlt
825 721 854 766 C.
875 752 911 757 —
933 736 983 773 63,
1010 736 1027 765 2
1047 738 1104 765 Pei
1123 738 1209 774 hujus
1230 747 1283 767 san
1285 740 1323 766 cti
1344 738 1484 775 suffragia

225 783 304 810 3per
324 777 418 802 sancti
440 776 578 812 suffragia
597 777 633 804 D.
653 791 691 796 —
712 774 764 811 6b,
787 775 802 804 1
824 776 904 804 Voce
923 777 1059 812 polorum
1078 776 1112 803 A.

637 878 704 909 384.
744 878 787 909 De
805 886 865 909 uno
887 877 1036 916 martyre.

182 955 237 988 ia.
262 955 312 987 De
335 956 444 995 lapide
466 957 606 996 pretioso
861 958 920 990 1b.
941 957 1055 989 Manat,
1078 957 1178 989 virtus
1203 957 1237 988 in
1259 959 1428 997 augmento

308 1003 456 1036 Coronati
481 1004 594 1043 capitis
991 1004 1081 1036 Sacri
1107 1004 1304 1036 diadematis.

180 1060 235 1092 2a.
262 1058 300 1090 In
322 1068 382 1099 quo
409 1060 536 1091 ductum
562 1062 688 1101 operari
861 1062 918 1094 2b.
944 1061 1013 1093 Nec
1039 1061 1182 1100 cessavit,
1211 1061 1311 1092 donec
1334 1061 1420 1093 Deus

307 1106 408 1137 Verus
435 1108 540 1147 coepit
563 1109 673 1140 Aaron
991 1108 1204 1148 Cognoscatur
1228 1108 1261 1139 in
1286 1108 1371 1141 Sion.

179 1163 233 1196 3a.
259 1161 383 1194 Novum
407 1166 509 1195 mater
532 1164 707 1197 Salomonis
860 1165 917 1198 eb.
941 1165 1031 1207 Quod
1054 1165 1089 1196 in
1115 1165 1167 1196 die
1190 1165 1326 1204 nuptiali

306 1209 463 1242 Diadema
488 1212 650 1252 construit,
987 1212 1143 1252 Princeps
1167 1212 1257 1252 pacis
1281 1213 1392 1247 induit.

176 1267 235 1299 4a.
261 1266 493 1299 Admirandum
518 1267 643 1300 filiabus
859 1269 918 1302 4b.
944 1268 1034 1301 Gerit
1057 1269 1206 1309 princeps
1230 1270 1409 1301 nominatus

306 1312 382 1344 Sion
408 1315 503 1345 decus
525 1315 632 1347 nobile
986 1316 1026 1348 In
1049 1316 1234 1355 praecinctu
1257 1317 1387 1356 gloriae.

180 1371 235 1402 5a.
263 1369 348 1408 Opus
373 1370 460 1402 istud
486 1370 683 1403 confirmavit
859 1372 915 1405 5b.
940 1373 1039 1411 Lapis
1064 1373 1165 1404 mirae
1190 1373 1344 1405 claritatis

308 1416 492 1448 Electorum
516 1427 673 1459 numerus,
984 1419 1112 1459 Martyr
1135 1420 1196 1450 iste
1222 1421 1373 1460 creditur,

259 1463 341 1502 Quos
365 1472 423 1503 per
446 1463 541 1496 fidem
565 1466 676 1497 matris
698 1466 800 1498 almae
939 1465 1034 1505 Cujus
1061 1469 1156 1505 caput
1181 1469 1212 1497 et
1237 1475 1352 1499 corona

308 1510 420 1543 Castus
444 1512 530 1551 parit
554 1515 672 1545 uterus.
985 1512 1128 1545 Christus
1152 1514 1350 1553 intelligitur.

177 1568 232 1600 6a.
259 1566 358 1605 Quam
384 1576 531 1600 coronam
553 1569 584 1600 in
611 1570 776 1608 procinctu
857 1570 916 1603 61).
940 1569 1042 1609 Seque
1067 1574 1192 1610 gratum
1216 1570 1284 1602 Deo
1309 1571 1403 1603 nimis

305 1614 364 1645 Vir
387 1614 498 1646 beatus
522 1616 639 1647 meruit
983 1617 1213 1650 Holocaustum
1237 1618 1396 1657 praebuit.

178 1672 196 1703 ’7
204 1680 233 1704 a.
260 1671 326 1709 Quo
353 1679 520 1711 congressu
542 1675 628 1704 trina
651 1673 751 1705 virtus
857 1673 913 1706 7b.
936 1674 1034 1706 Fides
1059 1676 1189 1714 pugnat,
1216 1683 1290 1714 spes
1313 1675 1458 1717 insultat,

303 1718 470 1750 Inimicum
498 1723 637 1760 superat,
984 1721 1084 1753 Amor
1109 1724 1166 1761 est,
1193 1722 1247 1761 qui
1270 1723 1427 1756 vulnerat.

176 1776 233 1808 8a.
259 1775 322 1806 Hic
345 1784 404 1814 pro
429 1775 520 1807 nobis
545 1776 725 1810 intercedat
856 1778 916 1811 8b.
939 1778 986 1812 Ut
1007 1778 1109 1818 ipsius
1132 1779 1311 1811 inseramur

301 1822 399 1862 Apud
422 1826 546 1862 patrem
570 1824 706 1863 luminis,
986 1825 1133 1858 Claritati
1159 1827 1306 1858 numinis.

248 1897 330 1924 Miss.
356 1905 408 1924 ms.
436 1898 530 1934 Capit.
559 1898 742 1927 Cracoviens.
769 1898 794 1927 1.
822 1901 893 1927 anni
920 1898 1002 1929 1490.
1030 1901 1064 1928 Α.
1084 1916 1122 1920 -
1140 1901 1223 1928 Miss.
1250 1910 1304 1929 ms.
1331 1902 1360 1930 S.
1380 1902 1476 1931 Blasii

173 1942 248 1962 saec.
277 1932 321 1962 13.
343 1935 412 1963 Cod.
431 1936 526 1963 Palat.
549 1937 675 1965 Vindob.
696 1936 778 1966 1909.
799 1938 832 1965 Β.
852 1954 866 1958 -
884 1954 891 1958 -
909 1938 978 1966 Mel.
1001 1938 1144 1966 offenbar:
1166 1938 1190 1966 O
1210 1939 1297 1967 beata
1316 1941 1477 1969 beatorum.

624 2038 691 2070 385.
731 2039 773 2070 De
792 2047 853 2071 uno
873 2040 1025 2079 martyre.

175 2113 229 2146 la.
256 2113 345 2152 Quod
365 2117 440 2154 post
454 2115 547 2155 huius
563 2116 649 2148 vitae
670 2125 794 2149 cursum
854 2117 912 2151 lb.
934 2119 1036 2151 Certis
1060 2118 1200 2158 probant
1223 2121 1414 2160 argumentis

255 2160 419 2193 Inventuri
446 2171 551 2195 sumus
575 2173 700 2195 rursum
938 2165 997 2204 Qui
1021 2175 1079 2206 spe
1101 2166 1213 2198 mundi
1237 2168 1433 2208 resurgentis

300 2208 408 2240 Vitam
432 2210 508 2241 satis
534 2211 694 2252 optimam,
982 2213 1077 2245 Ultro
1101 2214 1244 2253 perdunt
1267 2215 1412 2247 animam.

176 2265 233 2296 23.
259 2264 370 2296 Testes
395 2267 634 2299 resurrectionis
854 2268 912 2301 ab.
938 2269 1194 2310 Postponendam
1219 2271 1367 2305 arbitrati

255 2310 385 2343 Certant
409 2313 489 2344 certi
514 2314 554 2345 de
580 2315 702 2346 coronis
934 2316 1073 2349 Mortem
1097 2318 1296 2350 imortalitati

301 2359 468 2391 Promissis
495 2362 700 2403 certantibus,
981 2364 1076 2396 Mille
1099 2374 1134 2397 se
1160 2365 1236 2398 dant
1259 2364 1425 2399 mortibus.
