<?xml version="1.0" encoding="UTF-8"?>
<!DOCTYPE html PUBLIC "-//W3C//DTD XHTML 1.0 Transitional//EN"
    "http://www.w3.org/TR/xhtml1/DTD/xhtml1-transitional.dtd">
<html xmlns="http://www.w3.org/1999/xhtml" xml:lang="en" lang="en">
 <head>
  <title>
</title>
<meta http-equiv="Content-Type" content="text/html;charset=utf-8" />
  <meta name='ocr-system' content='tesseract 3.04.00' />
  <meta name='ocr-capabilities' content='ocr_page ocr_carea ocr_par ocr_line ocrx_word'/>
</head>
<body>
  <div class='ocr_page' id='page_1' title='image "./analectahymnica09drevuoft_00116.png"; bbox 0 0 1653 2632; ppageno 0'>
   <div class='ocr_carea' id='block_1_1' title="bbox 200 232 685 367">
    <p class='ocr_par' dir='ltr' id='par_1_1' title="bbox 200 232 685 367">
     <span class='ocr_line' id='line_1_1' title="bbox 200 232 685 275; baseline 0.023 -11"><span class='ocrx_word' id='word_1_1' title='bbox 200 232 255 264; x_wconf 85' lang='lat' dir='ltr'>4a.</span> <span class='ocrx_word' id='word_1_2' title='bbox 283 233 356 266; x_wconf 84' lang='lat' dir='ltr'>Tibi</span> <span class='ocrx_word' id='word_1_3' title='bbox 383 238 488 270; x_wconf 90' lang='lat' dir='ltr'>cuncti</span> <span class='ocrx_word' id='word_1_4' title='bbox 511 241 685 275; x_wconf 82' lang='lat' dir='ltr'>servientes</span> 
     </span>
     <span class='ocr_line' id='line_1_2' title="bbox 283 280 679 332; baseline 0.028 -20"><span class='ocrx_word' id='word_1_5' title='bbox 283 280 389 323; x_wconf 83' lang='lat' dir='ltr'>Salva,</span> <span class='ocrx_word' id='word_1_6' title='bbox 416 286 511 327; x_wconf 90' lang='lat' dir='ltr'>nutri,</span> <span class='ocrx_word' id='word_1_7' title='bbox 537 292 679 332; x_wconf 81' lang='lat' dir='ltr'>protege,</span> 
     </span>
     <span class='ocr_line' id='line_1_3' title="bbox 330 330 532 367; baseline 0.025 -5"><span class='ocrx_word' id='word_1_8' title='bbox 330 330 354 362; x_wconf 96' lang='grc' dir='ltr'><strong>Ο</strong></span> <span class='ocrx_word' id='word_1_9' title='bbox 377 331 532 367; x_wconf 81' lang='lat' dir='ltr'>Barbara.</span> 
     </span>
    </p>
   </div>
   <div class='ocr_carea' id='block_1_2' title="bbox 729 150 987 186">
    <p class='ocr_par' dir='ltr' id='par_1_2' title="bbox 729 150 987 186">
     <span class='ocr_line' id='line_1_4' title="bbox 729 150 987 186; baseline 0.019 -3"><span class='ocrx_word' id='word_1_10' title='bbox 729 150 987 186; x_wconf 90' lang='lat'>—115—</span> 
     </span>
    </p>
   </div>
   <div class='ocr_carea' id='block_1_3' title="bbox 885 249 1507 298">
    <p class='ocr_par' dir='ltr' id='par_1_3' title="bbox 885 249 1507 298">
     <span class='ocr_line' id='line_1_5' title="bbox 885 249 1507 298; baseline 0.018 -17"><span class='ocrx_word' id='word_1_11' title='bbox 885 249 944 283; x_wconf 85' lang='lat' dir='ltr'>4b.</span> <span class='ocrx_word' id='word_1_12' title='bbox 965 250 1012 283; x_wconf 91' lang='lat' dir='ltr'>Ut</span> <span class='ocrx_word' id='word_1_13' title='bbox 1028 256 1101 292; x_wconf 89' lang='lat' dir='ltr'>post</span> <span class='ocrx_word' id='word_1_14' title='bbox 1113 257 1246 286; x_wconf 92' lang='lat' dir='ltr'>mortem</span> <span class='ocrx_word' id='word_1_15' title='bbox 1258 256 1323 289; x_wconf 91' lang='lat' dir='ltr'>sint</span> <span class='ocrx_word' id='word_1_16' title='bbox 1335 259 1507 298; x_wconf 81' lang='lat' dir='ltr'>gaudentes</span> 
     </span>
    </p>
   </div>
   <div class='ocr_carea' id='block_1_4' title="bbox 966 298 1357 382">
    <p class='ocr_par' dir='ltr' id='par_1_4' title="bbox 966 298 1357 382">
     <span class='ocr_line' id='line_1_6' title="bbox 966 298 1357 348; baseline 0.02 -19"><span class='ocrx_word' id='word_1_17' title='bbox 966 298 1083 331; x_wconf 85' lang='lat' dir='ltr'>Tecum</span> <span class='ocrx_word' id='word_1_18' title='bbox 1109 302 1189 333; x_wconf 89' lang='lat' dir='ltr'>coeli</span> <span class='ocrx_word' id='word_1_19' title='bbox 1213 303 1357 348; x_wconf 87' lang='lat' dir='ltr'>culmine,</span> 
     </span>
     <span class='ocr_line' id='line_1_7' title="bbox 1014 346 1216 382; baseline 0.02 -4"><span class='ocrx_word' id='word_1_20' title='bbox 1014 346 1039 379; x_wconf 94' lang='lat' dir='ltr'><strong>O</strong></span> <span class='ocrx_word' id='word_1_21' title='bbox 1062 347 1216 382; x_wconf 84' lang='lat' dir='ltr'>Barbara.</span> 
     </span>
    </p>
   </div>
   <div class='ocr_carea' id='block_1_5' title="bbox 624 709 1069 748">
    <p class='ocr_par' dir='ltr' id='par_1_5' title="bbox 624 709 1069 748">
     <span class='ocr_line' id='line_1_8' title="bbox 624 709 1069 748; baseline 0.02 -8"><span class='ocrx_word' id='word_1_22' title='bbox 624 709 687 741; x_wconf 84' lang='grc'>148.</span> <span class='ocrx_word' id='word_1_23' title='bbox 726 711 770 743; x_wconf 89' lang='lat' dir='ltr'>De</span> <span class='ocrx_word' id='word_1_24' title='bbox 789 714 900 745; x_wconf 87' lang='lat' dir='ltr'>sancta</span> <span class='ocrx_word' id='word_1_25' title='bbox 919 715 1069 748; x_wconf 82' lang='lat' dir='ltr'>Barbara.</span> 
     </span>
    </p>
   </div>
   <div class='ocr_carea' id='block_1_6' title="bbox 192 787 652 1028">
    <p class='ocr_par' dir='ltr' id='par_1_6' title="bbox 192 787 652 1028">
     <span class='ocr_line' id='line_1_9' title="bbox 192 787 570 836; baseline 0.021 -16"><span class='ocrx_word' id='word_1_26' title='bbox 192 787 247 821; x_wconf 84' lang='lat' dir='ltr'>la.</span> <span class='ocrx_word' id='word_1_27' title='bbox 276 789 404 824; x_wconf 82' lang='lat' dir='ltr'>Gaudet</span> <span class='ocrx_word' id='word_1_28' title='bbox 426 795 570 836; x_wconf 83' lang='lat' dir='ltr'>ecclesia,</span> 
     </span>
     <span class='ocr_line' id='line_1_10' title="bbox 271 836 613 881; baseline 0.023 -12"><span class='ocrx_word' id='word_1_29' title='bbox 271 836 386 871; x_wconf 82' lang='lat' dir='ltr'>Fidem</span> <span class='ocrx_word' id='word_1_30' title='bbox 412 840 613 881; x_wconf 87' lang='lat' dir='ltr'>baptismatis</span> 
     </span>
     <span class='ocr_line' id='line_1_11' title="bbox 272 885 539 925; baseline 0.022 -8"><span class='ocrx_word' id='word_1_31' title='bbox 272 885 363 925; x_wconf 82' lang='lat' dir='ltr'>Quod</span> <span class='ocrx_word' id='word_1_32' title='bbox 386 887 448 920; x_wconf 88' lang='lat' dir='ltr'>Dei</span> <span class='ocrx_word' id='word_1_33' title='bbox 472 888 539 923; x_wconf 90' lang='lat' dir='ltr'>filia</span> 
     </span>
     <span class='ocr_line' id='line_1_12' title="bbox 271 931 649 976; baseline 0.024 -13"><span class='ocrx_word' id='word_1_34' title='bbox 271 931 336 965; x_wconf 87' lang='lat' dir='ltr'>Sub</span> <span class='ocrx_word' id='word_1_35' title='bbox 364 935 446 968; x_wconf 91' lang='lat' dir='ltr'>dono</span> <span class='ocrx_word' id='word_1_36' title='bbox 470 941 649 976; x_wconf 77' lang='lat' dir='ltr'>pneumatis</span> 
     </span>
     <span class='ocr_line' id='line_1_13' title="bbox 318 982 652 1028; baseline 0.018 -15"><span class='ocrx_word' id='word_1_37' title='bbox 318 982 467 1024; x_wconf 75' lang='lat' dir='ltr'>Suscepit</span> <span class='ocrx_word' id='word_1_38' title='bbox 490 984 652 1028; x_wconf 83' lang='lat' dir='ltr'>Barbara3</span> 
     </span>
    </p>
   </div>
   <div class='ocr_carea' id='block_1_7' title="bbox 187 1037 646 1273">
    <p class='ocr_par' dir='ltr' id='par_1_7' title="bbox 187 1037 646 1273">
     <span class='ocr_line' id='line_1_14' title="bbox 187 1037 642 1076; baseline 0.018 -8"><span class='ocrx_word' id='word_1_39' title='bbox 187 1037 243 1070; x_wconf 85' lang='lat' dir='ltr'>2a.</span> <span class='ocrx_word' id='word_1_40' title='bbox 270 1037 382 1070; x_wconf 87' lang='lat' dir='ltr'>Turris</span> <span class='ocrx_word' id='word_1_41' title='bbox 409 1040 483 1072; x_wconf 90' lang='lat' dir='ltr'>dum</span> <span class='ocrx_word' id='word_1_42' title='bbox 508 1044 642 1076; x_wconf 80' lang='lat' dir='ltr'>struitur</span> 
     </span>
     <span class='ocr_line' id='line_1_15' title="bbox 268 1084 588 1130; baseline 0.022 -15"><span class='ocrx_word' id='word_1_43' title='bbox 268 1084 414 1118; x_wconf 88' lang='lat' dir='ltr'>Paternis</span> <span class='ocrx_word' id='word_1_44' title='bbox 436 1088 588 1130; x_wconf 81' lang='lat' dir='ltr'>jussibus,</span> 
     </span>
     <span class='ocr_line' id='line_1_16' title="bbox 265 1131 621 1179; baseline 0.022 -17"><span class='ocrx_word' id='word_1_45' title='bbox 265 1131 356 1164; x_wconf 86' lang='lat' dir='ltr'>Haec</span> <span class='ocrx_word' id='word_1_46' title='bbox 381 1134 470 1175; x_wconf 86' lang='lat' dir='ltr'>virgo</span> <span class='ocrx_word' id='word_1_47' title='bbox 495 1135 621 1179; x_wconf 84' lang='lat' dir='ltr'>fruitur,</span> 
     </span>
     <span class='ocr_line' id='line_1_17' title="bbox 266 1179 602 1222; baseline 0.015 -10"><span class='ocrx_word' id='word_1_48' title='bbox 266 1179 312 1212; x_wconf 92' lang='lat' dir='ltr'>Ut</span> <span class='ocrx_word' id='word_1_49' title='bbox 336 1180 428 1213; x_wconf 89' lang='lat' dir='ltr'>trinis</span> <span class='ocrx_word' id='word_1_50' title='bbox 453 1184 602 1222; x_wconf 83' lang='lat' dir='ltr'>precibus</span> 
     </span>
     <span class='ocr_line' id='line_1_18' title="bbox 311 1228 646 1273; baseline 0.024 -15"><span class='ocrx_word' id='word_1_51' title='bbox 311 1228 475 1261; x_wconf 87' lang='lat' dir='ltr'>Fenestris</span> <span class='ocrx_word' id='word_1_52' title='bbox 500 1232 646 1273; x_wconf 75' lang='lat' dir='ltr'>gaudeat,</span> 
     </span>
    </p>
   </div>
   <div class='ocr_carea' id='block_1_8' title="bbox 181 1283 683 1512">
    <p class='ocr_par' dir='ltr' id='par_1_8' title="bbox 181 1283 683 1512">
     <span class='ocr_line' id='line_1_19' title="bbox 181 1283 542 1326; baseline 0.014 -12"><span class='ocrx_word' id='word_1_53' title='bbox 181 1283 237 1314; x_wconf 85' lang='lat' dir='ltr'>3a.</span> <span class='ocrx_word' id='word_1_54' title='bbox 264 1283 365 1316; x_wconf 88' lang='lat' dir='ltr'>Idolis</span> <span class='ocrx_word' id='word_1_55' title='bbox 390 1294 542 1326; x_wconf 89' lang='lat' dir='ltr'>respuens</span> 
     </span>
     <span class='ocr_line' id='line_1_20' title="bbox 260 1330 544 1366; baseline 0.018 -5"><span class='ocrx_word' id='word_1_56' title='bbox 260 1330 380 1362; x_wconf 87' lang='lat' dir='ltr'>Libare</span> <span class='ocrx_word' id='word_1_57' title='bbox 404 1334 544 1366; x_wconf 85' lang='lat' dir='ltr'>traditur</span> 
     </span>
     <span class='ocr_line' id='line_1_21' title="bbox 260 1376 594 1421; baseline 0.021 -13"><span class='ocrx_word' id='word_1_58' title='bbox 260 1376 423 1421; x_wconf 82' lang='lat' dir='ltr'>Flagellis,</span> <span class='ocrx_word' id='word_1_59' title='bbox 448 1382 594 1415; x_wconf 88' lang='lat' dir='ltr'>relucens</span> 
     </span>
     <span class='ocr_line' id='line_1_22' title="bbox 259 1424 545 1465; baseline 0.017 -9"><span class='ocrx_word' id='word_1_60' title='bbox 259 1424 385 1465; x_wconf 87' lang='lat' dir='ltr'>Curata,</span> <span class='ocrx_word' id='word_1_61' title='bbox 413 1428 545 1461; x_wconf 85' lang='lat' dir='ltr'>additur</span> 
     </span>
     <span class='ocr_line' id='line_1_23' title="bbox 306 1473 683 1512; baseline 0.013 -5"><span class='ocrx_word' id='word_1_62' title='bbox 306 1473 424 1507; x_wconf 85' lang='lat' dir='ltr'>Christi</span> <span class='ocrx_word' id='word_1_63' title='bbox 449 1485 512 1508; x_wconf 83' lang='lat' dir='ltr'>vox</span> <span class='ocrx_word' id='word_1_64' title='bbox 534 1479 683 1512; x_wconf 87' lang='lat' dir='ltr'>coelitus:</span> 
     </span>
    </p>
   </div>
   <div class='ocr_carea' id='block_1_9' title="bbox 172 1529 703 1769">
    <p class='ocr_par' dir='ltr' id='par_1_9' title="bbox 172 1529 703 1769">
     <span class='ocr_line' id='line_1_24' title="bbox 172 1529 564 1570; baseline 0.015 -10"><span class='ocrx_word' id='word_1_65' title='bbox 172 1529 229 1561; x_wconf 84' lang='lat' dir='ltr'>4a.</span> <span class='ocrx_word' id='word_1_66' title='bbox 258 1529 361 1570; x_wconf 83' lang='lat' dir='ltr'>Caput</span> <span class='ocrx_word' id='word_1_67' title='bbox 387 1534 564 1566; x_wconf 87' lang='lat' dir='ltr'>concutitur</span> 
     </span>
     <span class='ocr_line' id='line_1_25' title="bbox 254 1577 508 1613; baseline 0.016 -4"><span class='ocrx_word' id='word_1_68' title='bbox 254 1577 367 1610; x_wconf 86' lang='lat' dir='ltr'>Mallei</span> <span class='ocrx_word' id='word_1_69' title='bbox 391 1580 508 1613; x_wconf 88' lang='lat' dir='ltr'>ictibus</span> 
     </span>
     <span class='ocr_line' id='line_1_26' title="bbox 253 1624 524 1661; baseline 0.022 -6"><span class='ocrx_word' id='word_1_70' title='bbox 253 1624 298 1656; x_wconf 90' lang='lat' dir='ltr'>Et</span> <span class='ocrx_word' id='word_1_71' title='bbox 322 1634 395 1659; x_wconf 85' lang='lat' dir='ltr'>caro</span> <span class='ocrx_word' id='word_1_72' title='bbox 419 1629 524 1661; x_wconf 89' lang='lat' dir='ltr'>uritur</span> 
     </span>
     <span class='ocr_line' id='line_1_27' title="bbox 253 1671 606 1719; baseline 0.02 -16"><span class='ocrx_word' id='word_1_73' title='bbox 253 1671 371 1714; x_wconf 81' lang='lat' dir='ltr'>Longis</span> <span class='ocrx_word' id='word_1_74' title='bbox 398 1675 606 1719; x_wconf 82' lang='lat' dir='ltr'>conflictibus,</span> 
     </span>
     <span class='ocr_line' id='line_1_28' title="bbox 301 1721 703 1769; baseline 0.02 -17"><span class='ocrx_word' id='word_1_75' title='bbox 301 1721 433 1754; x_wconf 85' lang='lat' dir='ltr'>Praeses</span> <span class='ocrx_word' id='word_1_76' title='bbox 457 1726 533 1756; x_wconf 88' lang='lat' dir='ltr'>tunc</span> <span class='ocrx_word' id='word_1_77' title='bbox 556 1725 703 1769; x_wconf 84' lang='lat' dir='ltr'>imperat⁷</span> 
     </span>
    </p>
   </div>
   <div class='ocr_carea' id='block_1_10' title="bbox 164 1777 650 2261">
    <p class='ocr_par' dir='ltr' id='par_1_10' title="bbox 164 1777 650 2261">
     <span class='ocr_line' id='line_1_29' title="bbox 170 1777 555 1820; baseline 0.013 -12"><span class='ocrx_word' id='word_1_78' title='bbox 170 1777 226 1809; x_wconf 88' lang='lat' dir='ltr'>5a.</span> <span class='ocrx_word' id='word_1_79' title='bbox 251 1778 315 1808; x_wconf 87' lang='lat' dir='ltr'>Ast</span> <span class='ocrx_word' id='word_1_80' title='bbox 337 1779 385 1810; x_wconf 88' lang='lat' dir='ltr'>vis</span> <span class='ocrx_word' id='word_1_81' title='bbox 411 1781 555 1820; x_wconf 84' lang='lat' dir='ltr'>angelica</span> 
     </span>
     <span class='ocr_line' id='line_1_30' title="bbox 251 1823 597 1862; baseline 0.02 -7"><span class='ocrx_word' id='word_1_82' title='bbox 251 1823 341 1856; x_wconf 88' lang='lat' dir='ltr'>Stola</span> <span class='ocrx_word' id='word_1_83' title='bbox 364 1834 434 1857; x_wconf 89' lang='lat' dir='ltr'>cum</span> <span class='ocrx_word' id='word_1_84' title='bbox 460 1829 597 1862; x_wconf 88' lang='lat' dir='ltr'>candida</span> 
     </span>
     <span class='ocr_line' id='line_1_31' title="bbox 250 1871 543 1907; baseline 0.017 -5"><span class='ocrx_word' id='word_1_85' title='bbox 250 1871 399 1904; x_wconf 84' lang='lat' dir='ltr'>Contexit</span> <span class='ocrx_word' id='word_1_86' title='bbox 423 1875 543 1907; x_wconf 88' lang='lat' dir='ltr'>coelica</span> 
     </span>
     <span class='ocr_line' id='line_1_32' title="bbox 249 1918 578 1965; baseline 0.018 -14"><span class='ocrx_word' id='word_1_87' title='bbox 249 1918 400 1960; x_wconf 83' lang='lat' dir='ltr'>Corporis</span> <span class='ocrx_word' id='word_1_88' title='bbox 424 1923 578 1965; x_wconf 81' lang='lat' dir='ltr'>pandida,</span> 
     </span>
     <span class='ocr_line' id='line_1_33' title="bbox 296 1966 650 2015; baseline 0.017 -16"><span class='ocrx_word' id='word_1_89' title='bbox 296 1966 413 2007; x_wconf 88' lang='lat' dir='ltr'>Sponsi</span> <span class='ocrx_word' id='word_1_90' title='bbox 435 1973 650 2015; x_wconf 85' lang='lat' dir='ltr'>praeconium,</span> 
     </span>
     <span class='ocr_line' id='line_1_34' title="bbox 164 2023 577 2062; baseline 0.017 -7"><span class='ocrx_word' id='word_1_91' title='bbox 164 2024 220 2056; x_wconf 87' lang='lat' dir='ltr'>6a.</span> <span class='ocrx_word' id='word_1_92' title='bbox 248 2023 412 2058; x_wconf 89' lang='lat' dir='ltr'>Cervicem</span> <span class='ocrx_word' id='word_1_93' title='bbox 438 2029 577 2062; x_wconf 88' lang='lat' dir='ltr'>cominus</span> 
     </span>
     <span class='ocr_line' id='line_1_35' title="bbox 243 2072 608 2121; baseline 0.019 -18"><span class='ocrx_word' id='word_1_94' title='bbox 243 2072 332 2105; x_wconf 89' lang='lat' dir='ltr'>Ense</span> <span class='ocrx_word' id='word_1_95' title='bbox 357 2077 433 2106; x_wconf 90' lang='lat' dir='ltr'>tunc</span> <span class='ocrx_word' id='word_1_96' title='bbox 457 2080 608 2121; x_wconf 80' lang='lat' dir='ltr'>amputat,</span> 
     </span>
     <span class='ocr_line' id='line_1_36' title="bbox 244 2119 600 2158; baseline 0.017 -6"><span class='ocrx_word' id='word_1_97' title='bbox 244 2119 309 2153; x_wconf 87' lang='lat' dir='ltr'>Sed</span> <span class='ocrx_word' id='word_1_98' title='bbox 333 2121 421 2154; x_wconf 87' lang='lat' dir='ltr'>illam</span> <span class='ocrx_word' id='word_1_99' title='bbox 446 2123 600 2158; x_wconf 89' lang='lat' dir='ltr'>Dominus</span> 
     </span>
     <span class='ocr_line' id='line_1_37' title="bbox 243 2168 576 2211; baseline 0.015 -11"><span class='ocrx_word' id='word_1_100' title='bbox 243 2168 349 2201; x_wconf 80' lang='lat' dir='ltr'>coelis</span> <span class='ocrx_word' id='word_1_101' title='bbox 374 2172 576 2211; x_wconf 82' lang='lat' dir='ltr'>approximat</span> 
     </span>
     <span class='ocr_line' id='line_1_38' title="bbox 288 2218 612 2261; baseline 0.015 -12"><span class='ocrx_word' id='word_1_102' title='bbox 288 2218 426 2258; x_wconf 86' lang='lat' dir='ltr'>Hymnis</span> <span class='ocrx_word' id='word_1_103' title='bbox 451 2221 612 2261; x_wconf 87' lang='lat' dir='ltr'>angelicis.</span> 
     </span>
    </p>
   </div>
   <div class='ocr_carea' id='block_1_11' title="bbox 865 1294 923 1328">
    <p class='ocr_par' dir='ltr' id='par_1_11' title="bbox 865 1294 923 1328">
     <span class='ocr_line' id='line_1_39' title="bbox 865 1294 923 1328; baseline 0.017 -2"><span class='ocrx_word' id='word_1_104' title='bbox 865 1294 923 1328; x_wconf 73' lang='lat'>31).</span> 
     </span>
    </p>
   </div>
   <div class='ocr_carea' id='block_1_12' title="bbox 857 1541 917 1574">
    <p class='ocr_par' dir='ltr' id='par_1_12' title="bbox 857 1541 917 1574">
     <span class='ocr_line' id='line_1_40' title="bbox 857 1541 917 1574; baseline 0 0"><span class='ocrx_word' id='word_1_105' title='bbox 857 1541 917 1574; x_wconf 86' lang='lat' dir='ltr'>4b.</span> 
     </span>
    </p>
   </div>
   <div class='ocr_carea' id='block_1_13' title="bbox 850 2036 908 2070">
    <p class='ocr_par' dir='ltr' id='par_1_13' title="bbox 850 2036 908 2070">
     <span class='ocr_line' id='line_1_41' title="bbox 850 2036 908 2070; baseline 0.017 -2"><span class='ocrx_word' id='word_1_106' title='bbox 850 2036 908 2070; x_wconf 88' lang='lat' dir='ltr'>6b.</span> 
     </span>
    </p>
   </div>
   <div class='ocr_carea' id='block_1_14' title="bbox 876 804 1224 849">
    <p class='ocr_par' dir='ltr' id='par_1_14' title="bbox 876 804 1224 849">
     <span class='ocr_line' id='line_1_42' title="bbox 876 804 1224 849; baseline 0.014 -13"><span class='ocrx_word' id='word_1_107' title='bbox 876 804 934 837; x_wconf 83' lang='lat' dir='ltr'>lb.</span> <span class='ocrx_word' id='word_1_108' title='bbox 957 805 1050 838; x_wconf 87' lang='lat' dir='ltr'>Clara</span> <span class='ocrx_word' id='word_1_109' title='bbox 1075 810 1224 849; x_wconf 82' lang='lat' dir='ltr'>progenie</span> 
     </span>
    </p>
   </div>
   <div class='ocr_carea' id='block_1_15' title="bbox 954 854 1356 1033">
    <p class='ocr_par' dir='ltr' id='par_1_15' title="bbox 954 854 1300 891">
     <span class='ocr_line' id='line_1_43' title="bbox 954 854 1300 891; baseline 0.023 -9"><span class='ocrx_word' id='word_1_110' title='bbox 954 854 1040 891; x_wconf 73' lang='lat' dir='ltr'>Quae</span> <span class='ocrx_word' id='word_1_111' title='bbox 1064 858 1134 888; x_wconf 88' lang='lat' dir='ltr'>orta</span> <span class='ocrx_word' id='word_1_112' title='bbox 1159 858 1300 890; x_wconf 88' lang='lat' dir='ltr'>creditur</span> 
     </span>
    </p>

    <p class='ocr_par' dir='ltr' id='par_1_16' title="bbox 954 902 1265 940">
     <span class='ocr_line' id='line_1_44' title="bbox 954 902 1265 940; baseline 0.019 -10"><span class='ocrx_word' id='word_1_113' title='bbox 954 903 1005 931; x_wconf 86' lang='lat' dir='ltr'>Ac</span> <span class='ocrx_word' id='word_1_114' title='bbox 1028 902 1265 940; x_wconf 84' lang='lat' dir='ltr'>pulchritudine</span> 
     </span>
    </p>

    <p class='ocr_par' dir='ltr' id='par_1_17' title="bbox 954 947 1356 1033">
     <span class='ocr_line' id='line_1_45' title="bbox 954 947 1288 984; baseline 0.015 -5"><span class='ocrx_word' id='word_1_115' title='bbox 954 947 1040 980; x_wconf 87' lang='lat' dir='ltr'>Mira</span> <span class='ocrx_word' id='word_1_116' title='bbox 1062 958 1125 981; x_wconf 91' lang='lat' dir='ltr'>non</span> <span class='ocrx_word' id='word_1_117' title='bbox 1149 951 1288 984; x_wconf 87' lang='lat' dir='ltr'>laeditur</span> 
     </span>
     <span class='ocr_line' id='line_1_46' title="bbox 1001 996 1356 1033; baseline 0.02 -7"><span class='ocrx_word' id='word_1_118' title='bbox 1001 996 1064 1027; x_wconf 87' lang='lat' dir='ltr'>Per</span> <span class='ocrx_word' id='word_1_119' title='bbox 1085 996 1185 1029; x_wconf 88' lang='lat' dir='ltr'>hostis</span> <span class='ocrx_word' id='word_1_120' title='bbox 1209 999 1356 1033; x_wconf 86' lang='lat' dir='ltr'>barbara.</span> 
     </span>
    </p>
   </div>
   <div class='ocr_carea' id='block_1_16' title="bbox 922 1050 1283 1094">
    <p class='ocr_par' dir='ltr' id='par_1_18' title="bbox 922 1050 1283 1094">
     <span class='ocr_line' id='line_1_47' title="bbox 922 1050 1283 1094; baseline 0.014 -12"><span class='ocrx_word' id='word_1_121' title='bbox 922 1077 929 1083; x_wconf 92' lang='lat'>.</span> <span class='ocrx_word' id='word_1_122' title='bbox 951 1050 1129 1092; x_wconf 88' lang='lat' dir='ltr'>Designans</span> <span class='ocrx_word' id='word_1_123' title='bbox 1150 1056 1283 1094; x_wconf 77' lang='lat' dir='ltr'>mystice</span> 
     </span>
    </p>
   </div>
   <div class='ocr_carea' id='block_1_17' title="bbox 950 1099 1313 1281">
    <p class='ocr_par' dir='ltr' id='par_1_19' title="bbox 950 1099 1308 1146">
     <span class='ocr_line' id='line_1_48' title="bbox 950 1099 1308 1146; baseline 0.017 -17"><span class='ocrx_word' id='word_1_124' title='bbox 950 1099 1078 1130; x_wconf 89' lang='lat' dir='ltr'>Patrem</span> <span class='ocrx_word' id='word_1_125' title='bbox 1104 1104 1136 1131; x_wconf 90' lang='lat' dir='ltr'>et</span> <span class='ocrx_word' id='word_1_126' title='bbox 1158 1103 1308 1146; x_wconf 84' lang='lat' dir='ltr'>genitum,</span> 
     </span>
    </p>

    <p class='ocr_par' dir='ltr' id='par_1_20' title="bbox 951 1144 1211 1180">
     <span class='ocr_line' id='line_1_49' title="bbox 951 1144 1211 1180; baseline 0.015 -3"><span class='ocrx_word' id='word_1_127' title='bbox 951 1144 1055 1178; x_wconf 88' lang='lat' dir='ltr'>Corde</span> <span class='ocrx_word' id='word_1_128' title='bbox 1077 1147 1211 1180; x_wconf 90' lang='lat' dir='ltr'>mirifice</span> 
     </span>
    </p>

    <p class='ocr_par' dir='ltr' id='par_1_21' title="bbox 950 1192 1313 1281">
     <span class='ocr_line' id='line_1_50' title="bbox 950 1192 1313 1234; baseline 0.019 -11"><span class='ocrx_word' id='word_1_129' title='bbox 950 1192 1099 1225; x_wconf 87' lang='lat' dir='ltr'>Sanctum</span> <span class='ocrx_word' id='word_1_130' title='bbox 1124 1197 1313 1234; x_wconf 84' lang='lat' dir='ltr'>paraclitum</span> 
     </span>
     <span class='ocr_line' id='line_1_51' title="bbox 995 1242 1306 1281; baseline 0.019 -10"><span class='ocrx_word' id='word_1_131' title='bbox 995 1242 1157 1281; x_wconf 89' lang='lat' dir='ltr'>Amplecti</span> <span class='ocrx_word' id='word_1_132' title='bbox 1181 1245 1306 1277; x_wconf 87' lang='lat' dir='ltr'>audeat.</span> 
     </span>
    </p>
   </div>
   <div class='ocr_carea' id='block_1_18' title="bbox 938 1296 1407 1776">
    <p class='ocr_par' dir='ltr' id='par_1_22' title="bbox 945 1296 1160 1331">
     <span class='ocr_line' id='line_1_52' title="bbox 945 1296 1160 1331; baseline 0.023 -5"><span class='ocrx_word' id='word_1_133' title='bbox 945 1296 1024 1328; x_wconf 88' lang='lat' dir='ltr'>Esto</span> <span class='ocrx_word' id='word_1_134' title='bbox 1050 1307 1067 1329; x_wconf 95' lang='lat' dir='ltr'>o</span> <span class='ocrx_word' id='word_1_135' title='bbox 1092 1297 1160 1331; x_wconf 88' lang='lat' dir='ltr'>fflia</span> 
     </span>
    </p>

    <p class='ocr_par' dir='ltr' id='par_1_23' title="bbox 944 1343 1407 1391">
     <span class='ocr_line' id='line_1_53' title="bbox 944 1343 1407 1391; baseline 0.017 -17"><span class='ocrx_word' id='word_1_136' title='bbox 944 1343 1064 1385; x_wconf 88' lang='lat' dir='ltr'>Firma,</span> <span class='ocrx_word' id='word_1_137' title='bbox 1091 1347 1176 1385; x_wconf 88' lang='lat' dir='ltr'>quod</span> <span class='ocrx_word' id='word_1_138' title='bbox 1200 1352 1302 1380; x_wconf 87' lang='lat' dir='ltr'>tecum</span> <span class='ocrx_word' id='word_1_139' title='bbox 1329 1359 1407 1391; x_wconf 86' lang='lat' dir='ltr'>sum,</span> 
     </span>
    </p>

    <p class='ocr_par' dir='ltr' id='par_1_24' title="bbox 944 1390 1276 1427">
     <span class='ocr_line' id='line_1_54' title="bbox 944 1390 1276 1427; baseline 0.015 -5"><span class='ocrx_word' id='word_1_140' title='bbox 944 1390 1017 1423; x_wconf 85' lang='lat' dir='ltr'>Non</span> <span class='ocrx_word' id='word_1_141' title='bbox 1041 1392 1174 1426; x_wconf 86' lang='lat' dir='ltr'>horrens</span> <span class='ocrx_word' id='word_1_142' title='bbox 1199 1395 1276 1427; x_wconf 89' lang='lat' dir='ltr'>vilia</span> 
     </span>
    </p>

    <p class='ocr_par' dir='ltr' id='par_1_25' title="bbox 943 1438 1284 1523">
     <span class='ocr_line' id='line_1_55' title="bbox 943 1438 1276 1474; baseline 0.015 -5"><span class='ocrx_word' id='word_1_143' title='bbox 943 1438 1116 1472; x_wconf 86' lang='lat' dir='ltr'>Tormenta</span> <span class='ocrx_word' id='word_1_144' title='bbox 1139 1441 1276 1474; x_wconf 91' lang='lat' dir='ltr'>hostium</span> 
     </span>
     <span class='ocr_line' id='line_1_56' title="bbox 990 1486 1284 1523; baseline 0.02 -6"><span class='ocrx_word' id='word_1_145' title='bbox 990 1486 1098 1519; x_wconf 88' lang='lat' dir='ltr'>Vincis</span> <span class='ocrx_word' id='word_1_146' title='bbox 1123 1489 1284 1523; x_wconf 88' lang='lat' dir='ltr'>divinitus.</span> 
     </span>
    </p>

    <p class='ocr_par' dir='ltr' id='par_1_26' title="bbox 940 1542 1194 1578">
     <span class='ocr_line' id='line_1_57' title="bbox 940 1542 1194 1578; baseline 0.016 -4"><span class='ocrx_word' id='word_1_147' title='bbox 940 1542 1073 1576; x_wconf 88' lang='lat' dir='ltr'>Sacrata</span> <span class='ocrx_word' id='word_1_148' title='bbox 1095 1545 1194 1578; x_wconf 90' lang='lat' dir='ltr'>ubera</span> 
     </span>
    </p>

    <p class='ocr_par' dir='ltr' id='par_1_27' title="bbox 939 1590 1248 1631">
     <span class='ocr_line' id='line_1_58' title="bbox 939 1590 1248 1631; baseline 0.016 -9"><span class='ocrx_word' id='word_1_149' title='bbox 939 1590 1074 1631; x_wconf 88' lang='lat' dir='ltr'>Lupinis</span> <span class='ocrx_word' id='word_1_150' title='bbox 1101 1593 1248 1627; x_wconf 85' lang='lat' dir='ltr'>dentibus</span> 
     </span>
    </p>

    <p class='ocr_par' dir='ltr' id='par_1_28' title="bbox 938 1637 1248 1680">
     <span class='ocr_line' id='line_1_59' title="bbox 938 1637 1248 1680; baseline 0.016 -11"><span class='ocrx_word' id='word_1_151' title='bbox 938 1637 1086 1680; x_wconf 66' lang='lat' dir='ltr'>Nervam,</span> <span class='ocrx_word' id='word_1_152' title='bbox 1115 1641 1248 1674; x_wconf 87' lang='lat' dir='ltr'>verbera</span> 
     </span>
    </p>

    <p class='ocr_par' dir='ltr' id='par_1_29' title="bbox 938 1686 1296 1776">
     <span class='ocr_line' id='line_1_60' title="bbox 938 1686 1287 1727; baseline 0.014 -10"><span class='ocrx_word' id='word_1_153' title='bbox 938 1686 1042 1718; x_wconf 92' lang='lat' dir='ltr'>Pleris</span> <span class='ocrx_word' id='word_1_154' title='bbox 1066 1690 1287 1727; x_wconf 87' lang='lat' dir='ltr'>praesentibus</span> 
     </span>
     <span class='ocr_line' id='line_1_61' title="bbox 984 1734 1296 1776; baseline 0.019 -12"><span class='ocrx_word' id='word_1_155' title='bbox 984 1734 1111 1774; x_wconf 82' lang='lat' dir='ltr'>Augere</span> <span class='ocrx_word' id='word_1_156' title='bbox 1134 1740 1296 1776; x_wconf 85' lang='lat' dir='ltr'>properat.</span> 
     </span>
    </p>
   </div>
   <div class='ocr_carea' id='block_1_19' title="bbox 857 1790 1215 1834">
    <p class='ocr_par' dir='ltr' id='par_1_30' title="bbox 857 1790 1215 1834">
     <span class='ocr_line' id='line_1_62' title="bbox 857 1790 1215 1834; baseline 0.008 -12"><span class='ocrx_word' id='word_1_157' title='bbox 857 1790 871 1805; x_wconf 53' lang='grc' dir='ltr'><strong>Γ</strong></span> <span class='ocrx_word' id='word_1_158' title='bbox 905 1815 913 1823; x_wconf 93' lang='grc'><strong>.</strong></span> <span class='ocrx_word' id='word_1_159' title='bbox 936 1790 1042 1822; x_wconf 87' lang='lat' dir='ltr'>Rubet</span> <span class='ocrx_word' id='word_1_160' title='bbox 1065 1792 1098 1823; x_wconf 91' lang='lat' dir='ltr'>in</span> <span class='ocrx_word' id='word_1_161' title='bbox 1123 1791 1215 1834; x_wconf 81' lang='lat' dir='ltr'>faeie,</span> 
     </span>
    </p>
   </div>
   <div class='ocr_carea' id='block_1_20' title="bbox 933 1836 1400 2023">
    <p class='ocr_par' dir='ltr' id='par_1_31' title="bbox 933 1836 1250 1973">
     <span class='ocr_line' id='line_1_63' title="bbox 935 1836 1236 1873; baseline 0.017 -5"><span class='ocrx_word' id='word_1_162' title='bbox 935 1836 1054 1869; x_wconf 60' lang='lat' dir='ltr'>Fertur</span> <span class='ocrx_word' id='word_1_163' title='bbox 1077 1841 1236 1873; x_wconf 86' lang='lat' dir='ltr'>sententia</span> 
     </span>
     <span class='ocr_line' id='line_1_64' title="bbox 934 1884 1169 1925; baseline 0.013 -9"><span class='ocrx_word' id='word_1_164' title='bbox 934 1884 1076 1925; x_wconf 85' lang='lat' dir='ltr'>Tyranni</span> <span class='ocrx_word' id='word_1_165' title='bbox 1101 1887 1169 1919; x_wconf 90' lang='lat' dir='ltr'>acie</span> 
     </span>
     <span class='ocr_line' id='line_1_65' title="bbox 933 1932 1250 1973; baseline 0.016 -10"><span class='ocrx_word' id='word_1_166' title='bbox 933 1932 1039 1965; x_wconf 88' lang='lat' dir='ltr'>Patris</span> <span class='ocrx_word' id='word_1_167' title='bbox 1067 1937 1250 1973; x_wconf 87' lang='lat' dir='ltr'>praesentia</span> 
     </span>
    </p>

    <p class='ocr_par' dir='ltr' id='par_1_32' title="bbox 979 1980 1400 2023">
     <span class='ocr_line' id='line_1_66' title="bbox 979 1980 1400 2023; baseline 0.019 -11"><span class='ocrx_word' id='word_1_168' title='bbox 979 1980 1053 2013; x_wconf 85' lang='lat' dir='ltr'>Non</span> <span class='ocrx_word' id='word_1_169' title='bbox 1076 1991 1196 2021; x_wconf 87' lang='lat' dir='ltr'>pavens</span> <span class='ocrx_word' id='word_1_170' title='bbox 1220 1984 1400 2023; x_wconf 84' lang='lat' dir='ltr'>Dominum.</span> 
     </span>
    </p>
   </div>
   <div class='ocr_carea' id='block_1_21' title="bbox 928 2037 1268 2268">
    <p class='ocr_par' dir='ltr' id='par_1_33' title="bbox 928 2037 1268 2268">
     <span class='ocr_line' id='line_1_67' title="bbox 930 2037 1213 2077; baseline 0.018 -9"><span class='ocrx_word' id='word_1_171' title='bbox 930 2037 1010 2077; x_wconf 86' lang='lat' dir='ltr'>Ejus</span> <span class='ocrx_word' id='word_1_172' title='bbox 1035 2048 1092 2071; x_wconf 90' lang='lat' dir='ltr'>nos</span> <span class='ocrx_word' id='word_1_173' title='bbox 1117 2040 1213 2073; x_wconf 90' lang='lat' dir='ltr'>hodie</span> 
     </span>
     <span class='ocr_line' id='line_1_68' title="bbox 930 2085 1222 2129; baseline 0.014 -13"><span class='ocrx_word' id='word_1_174' title='bbox 930 2085 1040 2118; x_wconf 83' lang='lat' dir='ltr'>Passio</span> <span class='ocrx_word' id='word_1_175' title='bbox 1064 2090 1222 2129; x_wconf 85' lang='lat' dir='ltr'>protegat,</span> 
     </span>
     <span class='ocr_line' id='line_1_69' title="bbox 928 2132 1224 2169; baseline 0.017 -5"><span class='ocrx_word' id='word_1_176' title='bbox 928 2132 1063 2165; x_wconf 88' lang='lat' dir='ltr'>Hostem</span> <span class='ocrx_word' id='word_1_177' title='bbox 1083 2135 1224 2169; x_wconf 87' lang='lat' dir='ltr'>invidiae</span> 
     </span>
     <span class='ocr_line' id='line_1_70' title="bbox 928 2180 1268 2221; baseline 0.015 -9"><span class='ocrx_word' id='word_1_178' title='bbox 928 2180 1100 2221; x_wconf 86' lang='lat' dir='ltr'>Repellens</span> <span class='ocrx_word' id='word_1_179' title='bbox 1126 2188 1268 2217; x_wconf 88' lang='lat' dir='ltr'>conterat</span> 
     </span>
     <span class='ocr_line' id='line_1_71' title="bbox 974 2229 1267 2268; baseline 0.02 -8"><span class='ocrx_word' id='word_1_180' title='bbox 974 2229 1103 2262; x_wconf 88' lang='lat' dir='ltr'>Viribus</span> <span class='ocrx_word' id='word_1_181' title='bbox 1130 2233 1267 2268; x_wconf 82' lang='lat' dir='ltr'>coelicis,</span> 
     </span>
    </p>
   </div>
   <div class='ocr_carea' id='block_1_22' title="bbox 152 2302 1470 2472">
    <p class='ocr_par' dir='ltr' id='par_1_34' title="bbox 152 2302 1470 2472">
     <span class='ocr_line' id='line_1_72' title="bbox 231 2302 1470 2351; baseline 0.017 -22"><span class='ocrx_word' id='word_1_182' title='bbox 231 2302 315 2330; x_wconf 84' lang='lat' dir='ltr'>Miss.</span> <span class='ocrx_word' id='word_1_183' title='bbox 336 2313 390 2332; x_wconf 87' lang='lat' dir='ltr'>ms.</span> <span class='ocrx_word' id='word_1_184' title='bbox 412 2304 442 2333; x_wconf 87' lang='lat' dir='ltr'>S.</span> <span class='ocrx_word' id='word_1_185' title='bbox 463 2306 596 2335; x_wconf 84' lang='lat' dir='ltr'>Floriani</span> <span class='ocrx_word' id='word_1_186' title='bbox 618 2309 663 2337; x_wconf 87' lang='lat' dir='ltr'>XI</span> <span class='ocrx_word' id='word_1_187' title='bbox 685 2307 742 2338; x_wconf 85' lang='lat'>389</span> <span class='ocrx_word' id='word_1_188' title='bbox 762 2320 838 2340; x_wconf 87' lang='lat' dir='ltr'>saec.</span> <span class='ocrx_word' id='word_1_189' title='bbox 861 2310 905 2340; x_wconf 87' lang='lat'>14.</span> <span class='ocrx_word' id='word_1_190' title='bbox 925 2313 960 2341; x_wconf 91' lang='lat' dir='ltr'>A.</span> <span class='ocrx_word' id='word_1_191' title='bbox 986 2329 1023 2333; x_wconf 97' lang='lat'><strong>—</strong></span> <span class='ocrx_word' id='word_1_192' title='bbox 1046 2315 1130 2343; x_wconf 88' lang='lat' dir='ltr'>Miss.</span> <span class='ocrx_word' id='word_1_193' title='bbox 1150 2325 1204 2345; x_wconf 86' lang='lat' dir='ltr'>ms.</span> <span class='ocrx_word' id='word_1_194' title='bbox 1226 2317 1255 2345; x_wconf 86' lang='lat' dir='ltr'>S.</span> <span class='ocrx_word' id='word_1_195' title='bbox 1276 2319 1409 2349; x_wconf 83' lang='lat' dir='ltr'>Floriani</span> <span class='ocrx_word' id='word_1_196' title='bbox 1426 2322 1470 2351; x_wconf 83' lang='lat' dir='ltr'>XI</span> 
     </span>
     <span class='ocr_line' id='line_1_73' title="bbox 153 2337 1467 2389; baseline 0.016 -22"><span class='ocrx_word' id='word_1_197' title='bbox 153 2337 211 2368; x_wconf 84' lang='lat'>392</span> <span class='ocrx_word' id='word_1_198' title='bbox 237 2341 271 2369; x_wconf 93' lang='grc' dir='ltr'>Β.</span> <span class='ocrx_word' id='word_1_199' title='bbox 291 2357 329 2361; x_wconf 94' lang='grc'><strong>-</strong></span> <span class='ocrx_word' id='word_1_200' title='bbox 348 2343 433 2371; x_wconf 83' lang='lat' dir='ltr'>Miss.</span> <span class='ocrx_word' id='word_1_201' title='bbox 460 2353 512 2372; x_wconf 88' lang='lat' dir='ltr'>ms.</span> <span class='ocrx_word' id='word_1_202' title='bbox 540 2345 570 2373; x_wconf 88' lang='lat' dir='ltr'>S.</span> <span class='ocrx_word' id='word_1_203' title='bbox 598 2347 731 2377; x_wconf 83' lang='lat' dir='ltr'>Floriani</span> <span class='ocrx_word' id='word_1_204' title='bbox 755 2349 801 2378; x_wconf 82' lang='lat' dir='ltr'>XI</span> <span class='ocrx_word' id='word_1_205' title='bbox 827 2349 884 2379; x_wconf 86' lang='lat'>394</span> <span class='ocrx_word' id='word_1_206' title='bbox 910 2360 986 2381; x_wconf 85' lang='lat' dir='ltr'>saec.</span> <span class='ocrx_word' id='word_1_207' title='bbox 1015 2352 1059 2381; x_wconf 84' lang='lat'>14.</span> <span class='ocrx_word' id='word_1_208' title='bbox 1088 2354 1118 2382; x_wconf 84' lang='grc' dir='ltr'>Ο.</span> <span class='ocrx_word' id='word_1_209' title='bbox 1139 2370 1179 2375; x_wconf 85' lang='lat'><strong>—</strong></span> <span class='ocrx_word' id='word_1_210' title='bbox 1199 2355 1266 2384; x_wconf 83' lang='lat' dir='ltr'>Cod.</span> <span class='ocrx_word' id='word_1_211' title='bbox 1287 2359 1316 2386; x_wconf 77' lang='lat' dir='ltr'>S.</span> <span class='ocrx_word' id='word_1_212' title='bbox 1337 2359 1467 2389; x_wconf 81' lang='lat' dir='ltr'>Floriani</span> 
     </span>
     <span class='ocr_line' id='line_1_74' title="bbox 153 2377 1467 2431; baseline 0.016 -25"><span class='ocrx_word' id='word_1_213' title='bbox 153 2379 197 2406; x_wconf 92' lang='lat' dir='ltr'>XI</span> <span class='ocrx_word' id='word_1_214' title='bbox 218 2377 275 2408; x_wconf 79' lang='lat'>234</span> <span class='ocrx_word' id='word_1_215' title='bbox 294 2389 371 2409; x_wconf 82' lang='lat' dir='ltr'>saec.</span> <span class='ocrx_word' id='word_1_216' title='bbox 394 2381 438 2410; x_wconf 85' lang='lat'>15.</span> <span class='ocrx_word' id='word_1_217' title='bbox 461 2382 491 2412; x_wconf 86' lang='lat' dir='ltr'>C.</span> <span class='ocrx_word' id='word_1_218' title='bbox 512 2401 550 2405; x_wconf 89' lang='lat'><strong>—</strong></span> <span class='ocrx_word' id='word_1_219' title='bbox 572 2383 621 2422; x_wconf 88' lang='lat' dir='ltr'>lb,</span> <span class='ocrx_word' id='word_1_220' title='bbox 639 2384 657 2414; x_wconf 88' lang='lat'><strong><em>5</em></strong></span> <span class='ocrx_word' id='word_1_221' title='bbox 677 2387 776 2417; x_wconf 79' lang='lat' dir='ltr'>hostes</span> <span class='ocrx_word' id='word_1_222' title='bbox 797 2389 857 2417; x_wconf 87' lang='lat' dir='ltr'>AB.</span> <span class='ocrx_word' id='word_1_223' title='bbox 879 2405 916 2410; x_wconf 83' lang='lat'>—-</span> <span class='ocrx_word' id='word_1_224' title='bbox 936 2389 988 2426; x_wconf 86' lang='lat' dir='ltr'>2a,</span> <span class='ocrx_word' id='word_1_225' title='bbox 1011 2390 1025 2419; x_wconf 88' lang='lat'>1</span> <span class='ocrx_word' id='word_1_226' title='bbox 1048 2394 1173 2421; x_wconf 79' lang='lat' dir='ltr'>servitur</span> <span class='ocrx_word' id='word_1_227' title='bbox 1192 2395 1233 2431; x_wconf 90' lang='lat' dir='ltr'>A,</span> <span class='ocrx_word' id='word_1_228' title='bbox 1259 2398 1354 2426; x_wconf 85' lang='lat' dir='ltr'>ruitur</span> <span class='ocrx_word' id='word_1_229' title='bbox 1371 2399 1409 2427; x_wconf 91' lang='lat' dir='ltr'>D.</span> <span class='ocrx_word' id='word_1_230' title='bbox 1452 2419 1467 2422; x_wconf 97' lang='lat'><em>-</em></span> 
     </span>
     <span class='ocr_line' id='line_1_75' title="bbox 152 2415 1409 2472; baseline 0.015 -27"><span class='ocrx_word' id='word_1_231' title='bbox 152 2415 205 2453; x_wconf 84' lang='lat' dir='ltr'>3b,</span> <span class='ocrx_word' id='word_1_232' title='bbox 227 2416 245 2445; x_wconf 87' lang='grc'><strong>2</strong></span> <span class='ocrx_word' id='word_1_233' title='bbox 265 2421 336 2456; x_wconf 84' lang='lat' dir='ltr'>quia</span> <span class='ocrx_word' id='word_1_234' title='bbox 354 2421 471 2451; x_wconf 86' lang='lat' dir='ltr'>ABCD.</span> <span class='ocrx_word' id='word_1_235' title='bbox 492 2439 528 2443; x_wconf 72' lang='lat'>›—</span> <span class='ocrx_word' id='word_1_236' title='bbox 548 2421 598 2457; x_wconf 85' lang='lat' dir='ltr'>4a,</span> <span class='ocrx_word' id='word_1_237' title='bbox 621 2423 636 2453; x_wconf 92' lang='grc'>1</span> <span class='ocrx_word' id='word_1_238' title='bbox 659 2425 771 2463; x_wconf 87' lang='lat' dir='ltr'>Corpus</span> <span class='ocrx_word' id='word_1_239' title='bbox 791 2427 851 2456; x_wconf 88' lang='lat' dir='ltr'>AB.</span> <span class='ocrx_word' id='word_1_240' title='bbox 874 2446 911 2449; x_wconf 97' lang='lat'><strong>—</strong></span> <span class='ocrx_word' id='word_1_241' title='bbox 932 2430 1015 2458; x_wconf 70' lang='lat' dir='ltr'>Met:</span> <span class='ocrx_word' id='word_1_242' title='bbox 1036 2431 1130 2459; x_wconf 73' lang='lat' dir='ltr'>Mittit</span> <span class='ocrx_word' id='word_1_243' title='bbox 1150 2433 1186 2461; x_wconf 76' lang='lat' dir='ltr'>ad</span> <span class='ocrx_word' id='word_1_244' title='bbox 1207 2436 1354 2472; x_wconf 74' lang='lat' dir='ltr'>virginem</span> <span class='ocrx_word' id='word_1_245' title='bbox 1374 2438 1409 2466; x_wconf 92' lang='lat' dir='ltr'>D.</span> 
     </span>
    </p>
   </div>
   <div class='ocr_carea' id='block_1_23' title="bbox 1254 2481 1295 2511">
    <p class='ocr_par' dir='ltr' id='par_1_35' title="bbox 1254 2481 1295 2511">
     <span class='ocr_line' id='line_1_76' title="bbox 1254 2481 1295 2511; baseline 0.024 -14"><span class='ocrx_word' id='word_1_246' title='bbox 1254 2481 1295 2511; x_wconf 66' lang='lat'>8*</span> 
     </span>
    </p>
   </div>
  </div>
 </body>
</html>
