1653 2632
204 217 261 249 222.
287 217 441 259 Martyris
463 221 599 262 insignia

285 263 437 305 Stephani
461 269 612 306 solemnia

335 313 430 345 Plebs
454 315 601 358 intendit,

205 382 262 415 3a.
287 383 468 423 Martyrum
491 387 649 425 primitiae

285 430 484 463 Dedicantur
507 433 603 465 hodie

332 478 371 509 In
394 478 518 519 Levita,

202 546 260 580 4a.
285 545 349 577 Hic
371 548 412 579 ad
437 551 574 580 montem
596 550 724 584 Domini

287 593 379 625 Viam
399 603 516 633 parans
540 597 659 630 homini

337 640 520 683 Celsiorem,

205 711 262 742 5a.
288 710 353 743 Hic
376 720 434 751 pro
460 713 688 756 lapidantibus,

288 757 390 790 Deum
415 759 643 801 ignorantibus,

288 805 367 838 Orat
390 804 481 838 flexis
506 808 637 847 genibus

334 854 430 886 Humi
456 857 585 888 stratus.

204 925 260 957 6a.
286 924 373 964 Ergo
395 928 519 965 martyr
543 926 616 970 Dei,

286 972 402 1004 Tutela
425 971 512 1013 fidei,

286 1019 354 1051 Fac
378 1029 436 1051 nos
463 1021 588 1061 assequi

379 1070 506 1107 portum
530 1077 567 1108 sp
572 1069 600 1100 ei
611 1077 618 1108 ;

202 1150 339 1216 sichtIIIgh
346 1199 352 1215 :
374 1190 577 1218 Laetabundus
584 1211 589 1217 .

645 1291 710 1322 347.
753 1292 797 1323 De

203 1363 262 1395 la.
291 1362 412 1403 Gaude,
439 1362 516 1396 felix
541 1364 643 1404 India,

286 1410 427 1442 Thomae
450 1420 509 1451 per
533 1411 671 1453 insignia

332 1457 446 1490 Nitens
476 1460 654 1499 praeconia,

201 1529 258 1561 2a.
281 1527 366 1559 Dum
389 1531 422 1560 te
447 1527 600 1562 formidat
624 1530 723 1569 adire,

286 1575 389 1607 Verbo
415 1576 476 1608 Dei
500 1577 651 1609 redimire

331 1622 446 1655 Mortis
470 1627 557 1656 metu
581 1625 721 1665 territus,

199 1695 257 1726 3a.
284 1694 336 1726 Ad
363 1694 470 1733 Indos,
497 1695 627 1735 Thoma,
652 1697 804 1730 transibis

285 1741 329 1772 Et
354 1750 422 1772 cum
449 1750 564 1774 corona
588 1743 708 1775 redibis

331 1788 444 1821 Multis
468 1789 547 1821 inibi
572 1791 721 1832 lucratis;

197 1861 255 1892 4a.
283 1858 406 1903 Sicque,
432 1861 562 1901 Thoma,
590 1862 705 1894 Sancte
728 1863 800 1904 Dei,

280 1907 376 1947 Regis
402 1909 554 1940 Indorum
577 1910 704 1942 Mesdei

329 1954 421 1986 Servi
444 1960 530 1988 metu
554 1958 772 1996 percelluntur

375 2002 536 2035 Minantes
561 2005 743 2045 interitum;

198 2073 254 2103 5a.
281 2072 460 2111 Captivaris
486 2076 518 2105 et
543 2074 652 2114 ligaris

328 2119 414 2150 Ante
437 2129 543 2160 regem
570 2122 692 2163 ductus,

198 2188 254 2219 6a.
283 2187 420 2229 Cumque
444 2192 559 2223 sternis
581 2191 699 2234 fanum,

327 2235 447 2268 Locum
474 2238 717 2281 daemoniorum,

279 2280 367 2313 Ense
388 2292 448 2322 per
471 2284 640 2323 profanum

328 2328 510 2362 Ministrum
533 2332 690 2365 idolorum

376 2376 512 2409 Cruento
537 2378 605 2410 Deo
625 2381 772 2414 mitteris.

819 130 889 166 254
935 151 984 155 —

884 226 943 259 2b.
965 227 1084 259 Plenus
1112 227 1174 259 Dei
1197 228 1300 267 gratia

967 273 1064 314 Signa
1090 276 1120 305 et
1145 274 1292 314 prodigia

1013 321 1073 359 Qui
1098 321 1248 355 ostendit.

885 391 942 424 3b.
967 391 1063 431 Cujus
1088 391 1171 424 festa
1194 392 1317 432 gratiae

965 438 1162 470 Mandantur
1185 440 1356 472 memoriae

1013 486 1192 519 Recensita.

885 556 943 589 4b.
970 556 1041 588 Non
1067 557 1212 596 pepercit
1235 557 1389 598 sanguini,

967 604 1153 635 Levitarum
1177 604 1297 636 nomini

1015 650 1103 682 Dans
1128 651 1290 684 honorem.

890 719 947 752 5b.
969 719 1089 753 Paulus
1115 723 1182 762 ejus
1206 723 1364 762 precibus,

968 767 1057 799 Unus
1084 777 1122 800 ex
1146 770 1341 810 nocentibus,

968 814 1025 846 Fit
1043 815 1109 853 jam
1135 824 1173 847 ex
1199 817 1398 850 credentibus

1019 860 1212 895 Renovatus.

891 929 949 962 6b.
972 930 1049 970 Nos,
1077 932 1130 971 qui
1154 941 1260 965 sumus
1284 934 1341 974 rei,

972 977 1148 1011 Jubilemus
1174 980 1211 1022 ei,

972 1025 1030 1064 Qui
1057 1026 1111 1058 dat
1136 1028 1251 1067 gaudia

1064 1075 1194 1114 requiei.

388 1160 442 1179 ms.
468 1153 684 1181 Ratisbonense
712 1162 787 1182 saec.
814 1153 857 1183 15.
886 1156 949 1184 Clm
973 1157 1141 1185 Monacens.
1170 1157 1205 1187 13
1217 1157 1280 1188 022.
1309 1177 1348 1181 ——
1373 1162 1441 1190 Mel.
1468 1172 1510 1190 er-

816 1295 922 1325 sancto
943 1294 1065 1327 Thema.

888 1368 944 1400 lb.
968 1369 1026 1407 Qui
1050 1373 1104 1402 tua
1129 1370 1248 1405 ferocia

965 1416 1060 1448 Lenit
1085 1418 1242 1451 lenocinia

1013 1464 1075 1495 Dei
1105 1466 1278 1500 clementia.

885 1533 942 1567 21).
963 1534 1081 1576 Magno
1106 1536 1167 1568 sibi
1192 1538 1343 1570 solamine

967 1581 1110 1615 Christus
1135 1584 1193 1616 tali
1217 1584 1362 1617 affamine

1013 1629 1128 1662 Adfuit
1155 1631 1321 1664 divinitus:

885 1699 942 1732 3b.
964 1700 1101 1732 Thomas
1126 1702 1186 1733 ait:
1215 1711 1253 1734 en
1275 1708 1402 1744 praesto
1425 1715 1493 1738 sum

965 1747 1135 1780 Dominum
1159 1753 1192 1781 te
1213 1751 1385 1790 gloriosum

1014 1795 1110 1836 Sequi
1137 1798 1256 1830 cunctis
1281 1799 1447 1841 abdicatis,

1496 1732 1504 1749 ²

884 1864 942 1900 4b.
964 1866 1023 1905 Qui
1050 1867 1123 1899 dum
1148 1869 1279 1901 verbum
1304 1871 1387 1903 seris
1411 1872 1482 1913 Dei,

963 1913 1064 1946 Fiunt
1084 1915 1163 1955 justi
1188 1920 1262 1949 ante
1285 1919 1343 1958 rei,

1011 1962 1083 1994 Rex
1108 1966 1140 1995 et
1164 1965 1213 1995 sui
1238 1970 1481 2000 consternuntur

1059 2011 1114 2042 Ad
1137 2014 1225 2044 tuum
1246 2013 1420 2047 introitum.

883 2079 941 2112 5b.
966 2079 1059 2112 Cedit
1080 2082 1173 2124 ignis,
1200 2093 1273 2116 nam
1296 2085 1429 2127 insignis

1012 2128 1120 2169 Surgit
1143 2133 1369 2171 aquaeductus.
1410 2140 1413 2143 '

882 2197 940 2230 6b.
962 2198 1060 2239 Ergo,
1091 2201 1213 2234 Thoma
1238 2212 1321 2244 care,

1010 2247 1166 2286 Apostole
1191 2250 1352 2292 Indorum,

965 2293 1015 2324 Tu
1038 2295 1130 2327 nobis
1155 2297 1285 2335 placare

1010 2340 1122 2381 Deum,
1148 2352 1253 2383 regem
1280 2346 1448 2389 coelorum,

1057 2388 1173 2422 Deleta
1196 2391 1291 2430 culpa
1315 2393 1474 2437 digneris3
