1653 2632
686 145 945 181 —147—

161 231 219 264 4a.
246 231 337 264 Haec
359 234 517 269 instructa
542 239 684 280 coelitus,
849 243 908 276 4b.
928 244 1014 276 Laus
1038 246 1184 278 miranda
1209 246 1345 280 feminae

242 279 322 321 Legi
345 281 423 314 data
445 284 577 324 spiritus
930 291 980 323 De
1004 293 1104 333 regali
1128 294 1246 326 semine

291 328 375 361 Fide
395 332 483 371 rata;
979 339 1146 374 Generata.

162 384 221 417 5a.
248 385 286 417 In
315 386 487 419 multorum
508 390 619 431 oculis,
849 395 908 428 5b.
933 396 971 428 In
995 399 1028 428 te
1053 397 1286 441 confidentium,

242 432 362 473 Terris,
387 434 513 477 linguis,
538 439 666 478 populis
930 444 967 475 In
992 445 1109 477 mundo
1137 445 1315 486 <legentium

244 480 419 514 Corruscat
441 483 604 517 miraculis
931 489 1047 523 Contra
1075 493 1186 533 plagas
1209 494 1361 525 mentium

290 527 379 560 Dans
404 530 572 565 medelam.
978 538 1030 570 Da
1053 540 1194 572 tutelam.

161 583 218 615 Ga.
244 584 290 616 Et
314 585 432 617 virtute
458 587 546 619 varia
848 592 907 625 6b.
928 594 1000 626 Duc
1023 599 1097 635 post
1118 597 1200 630 hanc
1224 597 1382 630 miseriam

241 631 308 663 Nos
335 641 405 663 cum
430 633 491 665 hac
515 636 651 669 ecclesia
930 641 998 674 Nos
1024 643 1064 675 ad
1090 652 1198 676 veram
1222 645 1360 684 patriam

288 679 327 711 In
352 682 440 711 tuam
466 681 570 714 deduc
976 689 1021 721 Et
1043 691 1267 731 sempiternam

335 727 519 769 custodiam,
1022 737 1187 771 laetitiam.

233 789 320 817 Grad.
340 800 393 819 ms.
415 792 573 822 Sanctensc
594 804 617 823 s.
640 797 714 833 sign.
737 806 811 826 saec.
834 797 907 827 Ῑῦ”π.
927 815 966 821 ——
985 802 1053 830 Mel.
1074 804 1232 832 natiirliclr
1253 804 1471 835 Laetabundus.

598 887 664 919 194.
704 889 747 920 De
766 891 873 922 sancto
895 891 1032 925 Elisaeo.

154 944 209 976 la.
237 943 331 975 Nunc
356 945 494 977 exsultet
515 947 607 986 plebs
632 947 747 989 fidelis,
841 952 899 985 lb.
919 953 989 985 Vox
1014 956 1190 994 proclamet
1214 960 1246 988 et
1270 959 1312 990 sit
1334 960 1435 1000 testis,

236 990 320 1022 Dum
346 992 518 1032 suscipitur
542 994 575 1026 in
601 997 697 1028 caelis
920 1000 970 1032 De
995 1004 1122 1034 terreno
1147 1002 1184 1035 fit
1207 1005 1352 1037 coelestis

283 1039 445 1078 Propheta
467 1042 668 1085 praecipuus,
967 1048 1087 1081 Arator
1110 1047 1268 1084 assiduus.

152 1097 208 1127 2a,
237 1095 364 1128 Gaudet
389 1096 502 1129 chorus
527 1099 719 1142 angelorum,
838 1102 896 1134 2b.
919 1103 1135 1138 Collaetentur
1160 1106 1358 1151 Carmelitae,

233 1142 317 1174 Dum
344 1143 377 1175 in
402 1146 520 1176 sortem
544 1146 708 1179 beatorum
919 1150 1015 1190 Cujus
1039 1156 1131 1192 pater
1156 1156 1245 1195 regni
1270 1156 1355 1188 vitae

278 1190 426 1223 Elisaeus
451 1193 594 1235 sumitur,
966 1198 1050 1231 Civis
1076 1201 1288 1234 constituitur.

147 1248 203 1280 Sa.
231 1247 313 1280 Olim
338 1256 471 1287 sequens
496 1249 549 1281 hic
572 1250 688 1291 Eliam,
833 1253 890 1286 3b.
916 1254 1000 1287 Dum
1024 1256 1163 1295 priorem
1189 1267 1299 1291 currus
1325 1260 1419 1300 tollit,

227 1295 323 1327 Hunc
352 1296 530 1334 praecessit
552 1300 663 1329 tenens
689 1299 772 1332 viam
912 1301 1040 1341 Duplex
1066 1304 1197 1343 spiritus
1224 1307 1350 1339 extollit

274 1342 329 1374 Ad
355 1343 434 1374 coeli
459 1342 631 1385 fastigium,
959 1348 1126 1390 Sequentis
1151 1354 1365 1391 praeconium.

141 1399 198 1431 4a.
224 1398 333 1438 Aquas
359 1399 457 1430 vertit
479 1400 512 1431 in
540 1401 711 1442 dulcorem,
826 1405 885 1438 4b.
907 1406 1007 1438 Siccis
1032 1406 1127 1439 fossis
1151 1409 1238 1441 unda
1264 1411 1373 1451 crevit,

222 1445 324 1478 Ursos
348 1446 448 1478 mittit
469 1447 503 1478 in
527 1446 667 1480 furorem
907 1454 994 1485 Vasa
1018 1455 1134 1487 viduae
1157 1458 1303 1498 replevit,

269 1492 416 1525 Jubentis
440 1494 615 1535 eloquium3
954 1501 1049 1533 Vitae
1072 1504 1183 1535 reddit
1205 1503 1315 1539 filium.

139 1551 194 1583 5a.
222 1549 333 1582 Cibum
358 1553 517 1591 temperat
540 1562 678 1585 amarum
824 1557 882 1591 5b.
903 1557 1043 1598 Lepram
1067 1563 1160 1592 sanat
1183 1570 1266 1594 nova
1291 1571 1376 1604 cura,

218 1597 262 1629 Et
285 1606 385 1637 panes
409 1599 622 1639 primitiarum
904 1605 999 1637 Ferri
1023 1608 1128 1647 gravis
1155 1611 1203 1640 est
1227 1612 1351 1653 natura,

265 1645 372 1686 Auget
400 1646 590 1688 benedictio,
951 1652 1015 1686 Sed
1040 1657 1130 1687 natat
1152 1655 1297 1696 imperio.

136 1702 191 1735 6a.
218 1701 302 1733 Dum
327 1702 447 1734 insanit
470 1712 528 1735 rex
554 1704 707 1746 detectus,
822 1708 879 1742 6b.
900 1709 1016 1742 Fames
1040 1711 1135 1752 viget,
1162 1712 1225 1744 dux
1251 1714 1416 1759 discredit,

216 1748 328 1781 Manet
353 1750 511 1790 propheta
535 1754 697 1791 protectus
902 1756 1019 1789 Hostes
1043 1759 1135 1790 timet
1159 1762 1192 1791 et
1212 1761 1358 1794 abscedit

264 1796 403 1829 Goelesti
427 1798 589 1839 custodia3
948 1804 1102 1837 Laetatur
1127 1806 1280 1842 Samaria.

210 1861 298 1890 Grad.
319 1870 372 1889 ms.
395 1861 521 1890 Carmeli
539 1864 699 1894 Parisiens.
721 1875 797 1894 saec.
818 1865 892 1896 1⁵(1e.
915 1868 982 1897 Ood.
1004 1871 1145 1899 Mazarin.
1166 1871 1233 1904 465.
1252 1871 1346 1909 (1388.
1368 1874 1411 1911 0.)

550 1956 612 1988 195.
651 1958 695 1989 De
716 1960 823 1991 sancto
843 1960 1024 1994 Emmerico.

132 2015 189 2048 la.
217 2014 333 2056 Stirps,
358 2017 485 2057 regalis,
512 2019 619 2057 proles
644 2020 738 2060 regiS,
817 2021 875 2056 ib.
897 2022 961 2055 Hic
987 2025 1121 2057 dilectus
1145 2035 1206 2065 par
1229 2030 1278 2059 est
1301 2030 1404 2071 malis,

212 2063 360 2096 Imitator
387 2073 483 2097 verae
506 2066 586 2106 legis
899 2071 937 2103 In
957 2071 1110 2104 silvarum
1134 2074 1229 2114 lignis
1255 2077 1357 2116 qualis

260 2108 345 2144 Vera
368 2112 458 2145 dedit
479 2114 612 2155 gaudia;
944 2119 1053 2152 Arbor
1075 2129 1138 2153 non
1162 2124 1210 2154 est
1233 2123 1307 2158 alia.

128 2170 183 2203 2a.
211 2169 322 2202 Crevit
342 2178 423 2209 puer
445 2171 654 2211 Emmericus,
814 2174 872 2208 2b.
895 2176 989 2209 Cedit
1010 2177 1110 2210 hostis
1134 2178 1210 2211 huic
1233 2181 1392 2224 antiquus,

209 2216 331 2249 Summi
354 2218 439 2259 regis
464 2217 501 2250 fit
523 2219 642 2252 amicus
897 2223 988 2266 Caro,
1014 2226 1159 2269 mundus,
1186 2227 1333 2262 inimicus

256 2265 287 2297 A
311 2265 425 2305 primis
447 2267 629 2309 cunabulis;
943 2272 981 2304 In
1006 2274 1108 2305 crucis
1133 2275 1315 2316 signaculis.

125 2323 181 2355 Sa.
209 2321 323 2364 Chore,
349 2323 478 2355 Dathan
505 2327 536 2356 et
560 2324 694 2369 Abiron,
814 2328 871 2362 3b.
893 2329 979 2362 Puer
1003 2334 1130 2363 sanctus
1155 2341 1212 2365 rex
1239 2334 1279 2366 de
1303 2334 1381 2368 Sion

206 2369 308 2403 Simul
334 2370 514 2412 Cerinthus‚
539 2372 685 2407 Marcion
894 2378 1067 2411 Puerorum
1092 2380 1235 2414 echelion
1261 2378 1338 2428 [sic]

253 2419 362 2451 Ruunt
387 2420 450 2452 Dei
473 2420 615 2462 dextera,
939 2426 1024 2458 Dum
1047 2428 1134 2460 vexit
1158 2429 1200 2461 ad
1225 2431 1366 2465 aethera.

1204 2484 1265 2515 10*
