1653 2632
139 213 195 244 6a.
222 211 331 250 Longo
355 219 432 243 aevo
455 212 522 250 jam
549 209 719 251 confectus,

220 258 347 291 Christo
372 258 439 298 regi
464 261 530 290 tam
554 261 703 298 acceptus

137 363 194 394 7a.
222 360 275 393 Sic
300 364 411 393 exutus
437 362 541 393 carnis
564 362 688 401 molem,

218 408 326 440 Jesum
351 409 449 448 videt,
475 409 594 440 clarum
619 408 728 448 solem,

136 513 155 545 8
164 521 191 546 a.

156 977 202 1007 221

156 1127 213 1159 3a.

153 1231 210 1263 4a.

157 1383 212 1414 5a.

152 1535 208 1566 6a.

151 1687 205 1718 7a.

148 1885 203 1918 Sa.

146 2086 201 2118 9a.

120 2236 198 2268 lOa.

663 116 920 151 —172—

267 305 321 336 Ad
345 305 448 337 Deum
473 305 670 346 perducitur,

266 456 371 487 Patris
396 456 601 496 unigenitum,

220 512 244 544 Ο
269 512 427 551 interpres
453 511 544 543 verbi
568 511 640 551 Dei,

218 559 270 590 Ad
299 559 443 590 coelestis
468 567 526 590 nos
553 559 617 590 diei

263 605 390 638 Perduc
412 606 591 645 luminaria,

823 213 880 245 6b.
905 212 969 245 Ubi
994 213 1062 244 Deo
1086 221 1180 252 quam
1205 213 1245 244 sit
1271 216 1380 253 gratus

904 260 1066 298 Quamque
1080 267 1182 299 canis,
1196 268 1290 299 quam
1300 260 1447 300 dilectuS,

952 305 1056 345 Signis
1081 306 1175 338 claiis
1200 306 1364 346 panditur.

822 361 880 395 7b.
902 362 1022 393 Lumen
1049 362 1132 394 vidit
1154 362 1187 394 in
1211 362 1342 405 lumine,

904 408 1000 447 Cujus
1026 409 1161 441 vitemus
1185 410 1314 441 numine

952 455 1169 488 Grehennalem
1194 458 1356 497 gemitum.

820 512 879 544 8b.
902 512 969 544 Nos
995 513 1037 545 ad
1056 516 1184 553 portum
1205 522 1242 545 ex
1261 514 1323 546 hoc
1338 513 1448 556 fluctu,

901 559 968 592 Nos
994 560 1036 592 ad
1062 561 1161 593 risum
1188 570 1227 593 ex
1252 562 1313 594 hoc
1337 563 1425 594 luctu

948 608 1018 640 Tua
1042 608 1166 648 perduc
1189 609 1302 650 gratia.

210 670 283 706 Srqu
295 673 346 697 mt.
368 679 409 697 ine
440 670 616 697 Praedicatt.
635 671 820 700 Cracovitns.
842 680 864 699 s.
883 673 957 708 sign.
979 680 1054 700 saec.
1069 671 1142 701 ¹⁵l1e.
1158 674 1191 701 Α,
1207 689 1244 693 -
1265 675 1346 702 Miss.
1360 675 1448 702 Prae-

132 708 168 735 di«
182 710 295 735 ntorum
315 709 384 744 imp.
406 708 539 735 Venrtns
562 706 644 736 1523.
665 709 698 736 B.
721 723 759 728 —-
778 707 831 743 Cb,
853 707 870 737 3
890 710 955 737 Tua
974 710 1073 739 trahat
1092 714 1124 739 Β.

575 800 642 832 230.
684 800 729 831 De
748 802 852 833 sancto
874 801 1005 833 Hilario.

590 872 620 905 1.
648 871 757 903 Sancti
781 872 939 911 praesulis

649 918 843 950 celebremus
868 919 994 960 gaudia,

207 1003 211 1004 .
238 975 409 1007 Doctorem
435 977 465 1006 et
491 978 660 1015 patronum

238 1025 365 1054 resonet

236 1078 298 1102 vox
322 1069 491 1101 Hilarium.

239 1125 356 1158 Laious
382 1126 451 1165 ipse

233 1174 319 1205 inter
343 1182 480 1206 summos
507 1173 631 1206 Galliae

237 1230 385 1261 Lucerna

238 1276 357 1309 Christi
384 1286 447 1309 non
472 1278 574 1309 latere

236 1325 269 1356 in
295 1324 449 1356 absconso
474 1325 586 1364 potuit,

238 1381 365 1414 Nubem
389 1381 588 1413 tenebrosam

239 1429 403 1461 criminum

235 1477 306 1508 luce
331 1475 455 1517 fugavit
480 1476 661 1516 dogmatum

235 1534 414 1566 Potentiam

235 1581 474 1621 imperatoriam

231 1637 384 1668 spernens
413 1628 565 1660 tumidam

232 1685 389 1717 Exsilium

232 1733 345 1764 missus
370 1733 499 1773 praesul

232 1781 320 1812 venit
344 1780 528 1821 Phrygiam,
554 1781 631 1812 illuc

233 1828 373 1860 directus
399 1828 438 1860 ob
464 1828 627 1863 invidiam.

229 1884 281 1917 Ibi
305 1885 450 1917 omnibus

228 1941 287 1972 per
316 1932 449 1965 verbum
474 1941 564 1965 suum

227 1979 308 2012 fides
333 1989 411 2012 vera

228 2028 390 2059 revelatur
414 2028 563 2067 pleniter.

230 2085 254 2117 O
281 2085 502 2117 admirandam

225 2141 318 2163 unius
344 2141 407 2164 or1s

225 2179 308 2211 hanc·
332 2178 525 2218 facundiam,

226 2236 397 2275 Postquam
423 2237 534 2275 pastor

226 2291 300 2314 oves
326 2283 437 2314 revisit

225 2330 372 2368 proprias

226 2376 407 2409 Pictavensi
433 2377 595 2416 cathedra,

839 1231 899 1264 41).

840 1383 898 1417 5b.

834 1886 892 1921 8b.

832 2084 891 2120 9b.

807 2235 887 2269 10b.

842 975 900 1008 ab.
924 976 1022 1015 Quem
1047 976 1191 1010 Christus
1216 986 1275 1017 pro
1302 979 1448 1011 columna

924 1024 1025 1055 erexit

922 1070 956 1102 in
982 1071 1125 1103 ecclesia.

841 1134 847 1156 :
893 1154 899 1160 .
921 1127 993 1159 Lux
1018 1130 1095 1170 erat,
1120 1129 1202 1160 alter

921 1175 955 1206 in
981 1175 1041 1207 hoc
1065 1176 1183 1208 mundo
1209 1174 1334 1209 lucifer.

919 1231 975 1263 Fit
997 1232 1128 1272 praesul

921 1278 1109 1311 manifestus
1135 1279 1216 1320 orbi,

919 1335 1013 1358 verus
1040 1327 1143 1359 cultor
1168 1327 1306 1362 Domini.

925 1383 970 1416 Et
993 1383 1228 1417 haereticorum

921 1432 1045 1470 proelia

923 1479 1041 1511 devicit
1065 1479 1161 1510 armis
1186 1478 1272 1513 fidei.

888 1560 895 1568 .
921 1535 1141 1567 Constantium

920 1583 1025 1623 arguit
1049 1583 1212 1623 perditum

919 1631 1014 1662 sectis
1040 1631 1139 1664 Arrii.

887 1713 894 1719 .
917 1687 1002 1719 Hinc
1027 1696 1174 1720 reversus

918 1735 1083 1767 roboravit

919 1791 988 1814 cum
1013 1781 1132 1815 fiducia
1156 1783 1276 1816 Christi

918 1830 1075 1871 synodum
1099 1830 1134 1862 in
1159 1831 1314 1866 Seleucia.

917 1886 1045 1919 Gaudet
1068 1887 1219 1928 synodus,

914 1935 1092 1975 triumphat
1116 1935 1230 1976 clerus,

916 1980 998 2021 fugit
1022 1982 1123 2014 omnis

914 2037 988 2061 vero
1013 2028 1096 2061 falsa
1119 2029 1272 2064 haeresis,

912 2086 981 2125 Qua
1004 2086 1170 2118 intonante

913 2133 1047 2164 hostium
1073 2133 1163 2165 mille

914 2180 1001 2212 cadit
1025 2180 1140 2212 rabies.

910 2236 1077 2269 Miraculis

908 2284 1160 2323 potentissimum

907 2331 1054 2370 prodidit

912 2377 1125 2410 confessorem
1148 2377 1314 2410 Dominus.
