1653 2632
711 114 969 149 —160—

189 209 244 241 5a.
273 208 337 248 Spe
362 208 511 242 fraudata
535 209 732 250 percussoris

186 416 239 448 6a.
268 416 292 449 O
318 416 498 460 Francisce,
528 417 592 449 dux
616 417 777 455 virtutum,

269 462 403 503 Gregem
429 473 562 503 parvum
585 466 618 495 te
643 466 785 495 secutum

181 898 235 930 la.

179 1060 233 1091 2a.

180 1267 235 1299 3a.

179 1428 236 1459 4a.

180 1589 235 1621 5a.

178 1750 234 1783 6a.

179 1864 233 1895 7a.

178 2072 232 2105 Sa.

179 2281 235 2313 9a.

273 257 321 288 Ac
345 256 463 289 invitus
487 257 569 289 laxis
595 257 671 289 loris

269 302 343 342 Ipse
363 303 458 344 intus,
486 305 629 338 Christus
655 302 733 335 foris

316 350 504 390 Speculator
528 350 641 384 adfuit.

266 511 366 543 Serva
392 511 549 550 praebens
574 511 637 542 iter
661 513 763 542 tutum

312 557 365 589 Ad
391 559 470 590 coeli
494 558 633 598 palatia3

874 209 931 242 5b.
959 210 1044 241 Hinc
1073 210 1205 241 electam
1232 219 1344 243 curans
1372 212 1499 251 gentem

957 256 1092 288 Gressus
1117 265 1271 297 opemque
1295 256 1461 298 ferentem,

955 302 1042 335 Grex
1066 304 1211 343 supernis
1235 313 1298 336 nou
1325 308 1485 337 carentem

1002 351 1115 382 Parem
1140 351 1225 383 thori
1250 352 1360 385 voluit.

871 415 929 450 6b.
950 415 995 448 Ut
1019 418 1179 455 pastorem
1205 419 1237 448 te
1261 421 1439 458 sequentes,

950 464 1017 496 Iter
1042 466 1163 495 rectum
1188 464 1367 505 diligentes,

952 510 1157 543 Exsultemus
1180 513 1212 542 te
1237 512 1381 544 videntes

1002 559 1040 591 In
1067 559 1196 590 coelesti
1219 560 1315 593 curia.

262 631 347 659 Grad.
368 641 420 659 ms.
442 633 628 660 Francisean.
643 633 817 661 Znoimense
836 641 911 661 saec.
934 632 978 661 15.
997 632 1065 661 Cod.
1090 634 1278 662 Strahovens.
1295 635 1325 662 H
1348 633 1390 663 19.
1409 635 1443 663 A.
1457 650 1497 656 —

182 670 264 697 MiSs.
286 678 339 696 ms.
355 670 537 698 Voraviense
557 668 602 699 35.
624 679 700 698 saec.
720 669 763 698 14.
778 671 812 698 Β.
826 686 862 691 —-
886 671 973 699 Grad.
988 680 1041 699 ms.
1054 672 1240 700 Franciscan.
1260 681 1335 700 saec.
1357 672 1399 700 14.
1423 673 1493 702 Cod.

181 707 321 743 Pragens.
344 708 359 735 1
379 707 406 735 E
427 707 470 736 12.
494 708 524 736 C.
545 724 583 728 —
603 708 652 744 5a,
674 707 691 734 2
712 709 755 736 Ac
774 710 806 736 in
824 710 886 736 vito
908 710 942 744 A,
965 711 1072 738 invitro
1094 710 1125 738 Ο.

603 818 664 850 212.
703 819 746 850 De
767 820 874 850 sancto
895 820 1068 851 Francisco.

263 897 387 929 Novum
414 898 501 930 sidus
527 898 657 930 orientis

262 945 435 985 Insignitor
459 945 532 986 piae
552 946 655 987 gentis

308 993 466 1025 Ascendit
491 994 661 1034 angelicus,

261 1059 299 1091 In
326 1059 447 1091 camino
472 1060 670 1099 paupertatis

308 1106 366 1137 Vir
390 1109 518 1138 sanctus
544 1107 681 1147 eligitur,

261 1152 345 1185 Dum
367 1154 452 1195 ,iugis
477 1154 664 1185 humilitatis

312 1200 424 1233 Cinere
450 1202 637 1242 contegitur.

264 1266 382 1298 Summi
408 1268 490 1307 regis
516 1270 676 1299 armatura

260 1314 400 1354 Dignum
425 1314 500 1346 solis
525 1315 559 1345 in
584 1313 686 1354 figura

311 1360 427 1393 Currus
452 1362 539 1393 vexit
562 1362 683 1403 igneus,

264 1426 382 1459 Contra
407 1427 477 1467 gelu
501 1428 669 1467 pravitatis

260 1474 448 1506 Provisurus
470 1478 537 1514 jam
559 1475 691 1515 signatis

309 1521 381 1553 Non
405 1520 519 1554 fornax
544 1523 738 1563 accenditur,

262 1588 384 1619 Tantae
410 1588 509 1620 virtus
535 1587 685 1632 fabricae,

261 1635 359 1675 Quam
380 1644 476 1675 saepe
499 1636 676 1668 Davidicae

310 1682 414 1715 Clavis
439 1686 508 1714 arte
532 1684 694 1725 panditur,

261 1748 383 1788 Seraph
409 1750 521 1781 summi
548 1750 663 1783 caritas

308 1796 375 1828 Dat
400 1798 520 1829 cunctis
544 1799 762 1840 spectabilem,

260 1863 435 1895 Reseratur
458 1871 547 1895 mens
572 1866 722 1906 auctoris,

259 1911 367 1943 Instar
390 1910 466 1942 libri
491 1909 528 1942 fit
551 1912 667 1951 prioris

259 1958 323 1989 Hic
345 1958 428 1990 liber
452 1958 538 1990 intus
562 1963 595 1992 et
619 1958 697 1992 foris

308 2004 453 2045 Scriptus
477 2005 539 2037 Dei
564 2007 673 2047 digito.

259 2071 359 2103 Redit
381 2071 572 2112 innocentia,

307 2118 405 2151 Paret
430 2122 584 2159 creatura,

261 2166 353 2198 Vitae
381 2166 490 2198 reddit
514 2167 617 2206 spolia

307 2213 400 2245 Nova
425 2214 544 2247 Christi
571 2223 654 2247 cura.

262 2280 286 2312 O
312 2282 432 2320 stupor,
459 2289 477 2312 o
501 2281 636 2323 novitas,

263 2326 396 2359 Carnem
423 2326 618 2359 deiformitas

307 2373 527 2415 Transfigurat
551 2374 707 2416 fragilem,

869 898 928 931 lb.
950 898 1099 931 Nondum
1126 900 1211 932 cedit
1234 903 1431 933 nocumentis

949 946 1141 978 Franciscus
1166 947 1227 979 Dei
1252 948 1388 980 viventis

997 993 1137 1034 Signifer
1162 993 1333 1028 salvificus.

866 1059 924 1093 2b.
944 1059 995 1093 De
1018 1061 1159 1092 scintilla
1182 1061 1332 1100 puritatis

994 1107 1066 1139 Lux
1089 1108 1203 1140 solaris
1229 1109 1340 1149 oritur,

947 1155 986 1188 In
1009 1155 1102 1187 Eliae
1128 1156 1297 1195 duplicatis

995 1202 1099 1243 Signis
1124 1204 1376 1244 supergreditur.

864 1267 923 1302 3b.
947 1268 1088 1301 Caritate
1109 1278 1172 1301 non
1197 1270 1326 1302 laesura

946 1316 1059 1349 Carnis
1084 1316 1175 1348 fulsit
1199 1317 1233 1349 in
1260 1316 1404 1350 fractura

993 1364 1166 1397 Character
1191 1365 1370 1398 aethereus.

862 1428 923 1463 4b.
948 1429 1002 1461 Sol
1027 1433 1165 1470 apparet
1189 1432 1377 1473 sanctitatis,

945 1476 1043 1509 Sacro
1069 1480 1170 1510 tectus
1193 1479 1344 1511 novitatis

991 1524 1182 1558 Franciscus
1207 1527 1361 1560 induitur.

863 1590 920 1623 5b.
944 1591 981 1622 In
1011 1591 1071 1623 hoc
1096 1592 1167 1624 vivo
1194 1593 1304 1625 codice

944 1638 1040 1679 Legis
1062 1641 1263 1680 evangelicae

995 1685 1114 1718 Christi
1139 1688 1207 1720 vita
1233 1688 1381 1720 cernitur.

863 1751 921 1785 6b.
946 1751 1128 1793 Configurat
1151 1754 1271 1786 veritas

992 1801 1150 1834 Unctione
1176 1801 1321 1834 docilem.

863 1866 921 1899 7b.
941 1866 1044 1899 Dulce
1065 1868 1185 1908 jugum,
1211 1868 1264 1900 lex
1289 1870 1406 1901 amoris

946 1914 1043 1955 Signa
1067 1918 1221 1947 renovant
1245 1917 1426 1956 splendoris

943 1961 1116 1994 Francisco
1142 1963 1210 1995 viro
1235 1964 1366 1996 minoris

992 2010 1030 2042 In
1055 2009 1183 2041 sublimi
1207 2011 1321 2050 posito.

862 2074 921 2108 8b.
944 2074 1159 2115 Supernorum
1184 2077 1288 2117 gratia

991 2123 1109 2155 Plenus
1134 2127 1240 2156 mente
1263 2134 1345 2165 pura

946 2170 1096 2203 Cordium
1120 2172 1310 2211 praecordia

989 2217 1088 2250 Novit
1112 2221 1145 2250 et
1168 2217 1284 2251 futura.

864 2283 921 2316 9b.
942 2283 1058 2325 Regias
1083 2293 1142 2324 per
1163 2285 1291 2317 semitas

945 2331 1015 2364 Rex
1040 2331 1082 2364 ad
1106 2334 1226 2365 turmas
1250 2331 1377 2363 inclitas

992 2378 1113 2411 Ducem
1140 2379 1229 2411 duxit
1253 2378 1414 2414 humilem.
