1653 2632
685 127 942 163 —265-

182 226 246 258 82..
273 222 338 255 Hic
363 222 488 255 Goliam
514 225 676 264 superavit
863 225 921 259 8b.
945 225 1042 267 Lapis
1066 225 1159 258 firma
1182 226 1262 259 fides
1287 226 1357 269 Dei,

269 270 416 303 Imitator
439 271 509 303 veri
532 271 640 305 David
947 274 1013 313 Quo
1038 272 1154 306 feritur
1177 275 1344 307 Philistaei

310 318 350 350 ln
372 316 474 351 funda
499 321 529 350 et
550 319 670 360 lapide.
994 322 1080 354 Fons
1105 321 1290 354 bacchantis
1314 323 1436 357 rabide.

185 376 242 408 9a.
267 376 333 408 Iste
357 378 430 408 tuus
454 376 678 417 Maccabaeus,
867 377 924 410 9b.
947 378 1031 410 Dum
1052 377 1179 418 profani
1198 379 1289 418 jussu
1313 380 1396 420 regis

263 423 327 456 Hic
351 423 473 456 atletha
494 433 552 464 pro
576 427 618 466 te,
645 424 742 465 Deus,
947 425 1183 457 Testamentum
1206 429 1279 457 tuae
1302 427 1381 466 legis

310 470 446 503 Laetum
469 472 553 503 laete
577 472 722 511 pertulit,
993 472 1105 513 Corde,
1132 482 1186 505 ore
1209 474 1370 514 praetulit.

150 528 196 559 10
204 536 231 559 a.
259 528 378 560 Bibens
402 530 577 560 torrentem
601 529 634 560 in
660 529 711 561 via
841 528 921 561 1010.
944 529 1040 569 Cujus
1067 530 1141 561 colit
1165 539 1249 562 nunc
1273 533 1429 562 sacratum

258 575 296 607 In
322 576 452 608 coelesti
474 575 655 607 hierarchia
946 577 1067 616 Corpus
1092 577 1154 609 sibi
1180 578 1439 620 commendatum,

259 623 364 663 Caput,
388 623 539 655 exaltavit
565 623 619 655 dia
944 623 1032 655 Nutu
1058 624 1164 656 divino
1189 626 1387 667 translatum,

305 671 495 704 coronatum
521 670 631 710 gloria.
988 670 1159 703 xantensis
1186 673 1328 707 ecclesia.

149 726 193 760 11
202 736 231 761 a.
258 727 369 759 Victor
393 729 503 758 sancte
527 735 635 758 servos
660 735 754 759 serva
839 726 920 760 1112.
944 728 1031 766 Jesu,
1057 729 1180 768 summi,
1204 730 1306 769 patris
1331 731 1414 769 nate,

258 774 352 806 Vires
377 775 515 806 hostium
541 782 667 816 enerva,
943 774 1060 807 Merito
1087 775 1223 808 Victoris
1249 786 1269 808 a
1291 780 1324 808 te

255 821 323 854 Fac
346 825 383 853 ut
407 822 486 854 haec
510 830 568 853 sua
594 823 731 862 caterva,
943 821 1044 854 Nobis
1071 823 1171 865 detur,
1197 827 1234 855 ut
1258 824 1350 855 beate

257 869 341 901 Tuta
364 871 449 901 sorte
472 879 492 901 a
517 871 678 909 proterva,
944 870 1057 902 Coram
1084 879 1175 902 sacra
1200 872 1367 911 majestate

304 917 381 949 Tuis
406 919 500 949 vacet
521 916 681 950 laudibus,
989 917 1147 949 Fruamur
1171 919 1369 953 coelestibus,

228 981 316 1010 Grad.
342 991 395 1009 ms.
416 981 576 1009 Sanctense
601 990 623 1008 s.
652 982 726 1018 sign.
754 989 830 1008 saec.
860 979 905 1009 15.
936 990 979 1009 ex.
1001 998 1037 1002 —
1057 980 1114 1017 2a,
1136 980 1153 1010 3
1173 984 1253 1011 Urbe
1273 984 1330 1011 Dei
1349 984 1403 1012 Hs,
1423 999 1462 1003 —-

149 1020 236 1048 Mel.:
257 1019 347 1047 Salve
365 1022 458 1047 mater
478 1020 643 1047 salvatoris
670 1035 708 1039 —-
732 1016 887 1047 Verfasser
914 1019 964 1047 der
991 1017 1123 1056 Sequenz
1148 1022 1189 1048 ist
1212 1022 1386 1049 vermutlich
1412 1022 1462 1050 der

147 1059 299 1086 Xantener
320 1059 422 1086 Decan
443 1057 555 1085 Arnold
577 1057 757 1091 Heimerich‚
779 1054 798 1091 †
820 1055 902 1085 1491.

565 1148 631 1180 364.
670 1148 714 1179 De
737 1148 842 1179 sancto
862 1148 1034 1180 Vincentio.

621 1211 651 1242 1.
679 1208 800 1241 Victori
824 1209 892 1241 Deo

678 1256 806 1288 laudum
836 1257 1007 1296 praeconia

678 1302 800 1335 referat

677 1351 819 1391 gaudens
845 1351 986 1385 ecclesia.

143 1413 203 1444 2a.
231 1409 307 1442 Cum
335 1409 402 1441 dies
429 1408 562 1440 celebris
832 1407 889 1440 2b.
913 1407 1043 1440 Sonoris
1069 1408 1197 1440 vocibus

227 1466 332 1489 annua
916 1455 1020 1487 dulcia

227 1504 351 1537 revehit
375 1503 492 1535 mundo
518 1503 644 1543 gaudia,
916 1503 1062 1535 concinat
1086 1502 1199 1534 chorus
1225 1503 1358 1536 cantica.

140 1564 200 1596 3a.
226 1562 250 1595 Ο
278 1570 371 1601 quam
396 1560 567 1592 recolenda
832 1559 890 1593 3b.
917 1559 1004 1591 Vivis
1029 1559 1191 1599 lapidibus

224 1610 346 1641 instant
370 1608 532 1648 solemnia,
914 1607 1053 1639 aetheris
1079 1607 1167 1639 edita

228 1657 365 1690 exsultat
912 1654 1057 1695 jungitur

226 1712 311 1735 nunc
335 1702 436 1735 omnis
465 1702 543 1735 ordo
913 1711 1036 1742 gemma
1061 1702 1236 1741 splendida

225 1751 307 1783 mira
328 1750 461 1783 laetitia.
913 1750 946 1781 in
972 1749 1039 1789 poli
1063 1750 1162 1789 regia.

140 1811 199 1843 42.
224 1808 249 1841 Ο
275 1807 433 1847 Vincenti,
831 1806 891 1840 4b.
918 1806 995 1838 Cum
1017 1808 1198 1838 sanctorum

224 1855 308 1887 sacri
333 1857 427 1894 parta
448 1853 507 1885 tibi
915 1854 1010 1885 choro
1035 1853 1205 1893 spirituum

224 1903 329 1943 pretio
354 1901 516 1942 sanguinis
913 1901 1016 1933 victor
1041 1901 1187 1942 gloriaris

226 1952 363 1984 donatur
387 1950 506 1981 laurea.
912 1949 946 1980 in
971 1949 1053 1981 stola
1077 1957 1179 1983 rosea.

141 2010 197 2043 5a.
224 2009 249 2041 O
274 2017 367 2049 quam
391 2007 488 2047 digna
516 2007 600 2046 geris
832 2005 888 2039 510.
911 2006 966 2038 Ad
989 2006 1048 2038 illa
1070 2006 1188 2037 milites

223 2056 375 2096 martyris
399 2054 546 2094 insignia,
912 2054 1049 2086 tendunt
1074 2054 1247 2086 certamina

221 2104 365 2145 praemia
385 2103 432 2134 tui
456 2102 588 2145 laboris,
913 2101 1093 2141 talibusque
1116 2102 1288 2133 bellatores

221 2152 334 2193 poenis
363 2150 539 2184 succedunt
912 2152 1027 2181 ornant
1047 2149 1209 2189 trophaeis

220 2203 352 2233 aeterna
375 2199 502 2240 gaudia.
914 2200 944 2229 et
969 2199 1059 2229 tanta
1082 2197 1193 2238 gloria.

138 2261 193 2293 63.
222 2259 247 2292 O
272 2259 390 2298 quanta
415 2265 532 2297 supera
829 2255 887 2289 6b.
910 2255 950 2288 In
976 2254 1101 2288 Christo
1128 2255 1260 2287 credula

222 2306 308 2348 regis
333 2305 367 2337 in
389 2304 478 2337 curia
910 2302 951 2334 sit
976 2311 1065 2334 mens
1089 2303 1262 2346 intrepida,

219 2363 342 2387 merces
370 2352 582 2385 militantibus
911 2350 1018 2383 brevis
1042 2351 1170 2391 quidem
1194 2351 1285 2384 labor
1310 2354 1366 2393 est,

218 2404 313 2437 datur
337 2404 412 2443 post
438 2401 571 2443 proelia.
914 2399 998 2431 dona
1020 2400 1183 2440 perennia.
