1653 2632
685 121 919 155 ...52..

151 221 207 252 2a.
236 217 349 250 Gratia
372 218 419 249 sic
442 216 610 249 fecundari
836 216 894 248 2b.
916 214 1072 254 Dominus
1098 216 1147 244 est
1170 221 1245 245 vere
1270 217 1373 245 tecum

282 265 383 298 Plena
406 267 440 296 te
466 267 585 296 castam
610 264 719 303 voluit,
966 260 1148 293 Autoritate
1169 261 1266 300 regia,

236 312 327 345 Sicut
350 321 433 352 aqua
456 311 613 344 abundari
921 308 1000 347 Quia
1024 306 1083 338 tibi
1108 306 1168 338 soli
1192 316 1298 339 secum

282 359 398 391 Orbem
421 359 508 391 Deus
532 358 698 398 disposuit.
968 354 1188 394 Subjiciuntur
1213 354 1328 387 omnia.

153 417 207 449 Βα-
234 415 410 447 Benedicta
433 417 468 446 tu
491 415 615 446 vocaris
837 411 895 448 312.
916 412 1009 444 Divis
1035 410 1109 451 quia
1132 413 1177 441 tu.
1193 411 1314 442 dotaris

282 463 358 496 Sola
381 462 414 493 in
439 461 634 501 mulieribus,
966 460 1051 492 Prae
1076 457 1190 489 ceteris
1214 457 1409 490 muneribus,

151 520 208 553 4a.
233 518 426 550 Benedictus
451 517 573 549 fructus
596 517 644 548 tui
837 516 898 550 4b.
921 516 966 549 Et
989 519 1025 547 tu
1051 514 1176 547 Christo
1201 516 1409 554 praesentata

281 565 422 605 Ventris,
448 564 515 597 vita
539 562 712 604 sufficiens,
967 563 1044 596 Tuis
1065 561 1139 595 fave
1163 561 1373 602 supplicibus,

234 612 294 650 Qui
315 611 406 643 nobis
436 612 563 643 dativus
587 611 636 642 sui
920 611 1081 643 Trinitate
1109 612 1144 641 tu
1167 609 1297 650 placata

283 658 332 690 Sit
356 659 441 690 salus
465 657 662 691 indeficiens,
968 658 1096 691 Nostris
1120 657 1234 689 assiste
1257 655 1417 696 precibus,

232 723 302 750 Cod.
321 723 497 752 Lubicensis
522 722 562 758 (ol
597 723 647 751 fol.
674 721 731 758 22.)
759 731 834 751 saec.
857 722 901 751 15.
921 723 957 750 A.
977 738 1014 742 —
1034 723 1116 750 Miss.
1138 731 1191 749 ms.
1213 722 1372 749 Bremense
1391 728 1469 748 saee-

154 761 199 790 15.
212 762 246 789 B.
265 776 303 780 —
323 761 416 789 Autor
431 762 482 789 der
499 761 632 797 Sequenz
649 761 793 797 Magister
809 761 962 789 ,Iohannes
975 761 1070 789 Hauc.
1086 759 1142 788 Cfr.
1156 760 1302 788 Analecta
1314 759 1350 793 V,
1373 758 1403 786 S.
1421 757 1468 786 61.

153 800 240 828 Mola
262 798 285 826 O
306 800 393 827 beata
412 800 565 828 beatorum
579 799 613 826 A.

603 901 648 933 62.
670 901 712 932 De
731 901 827 932 beata
846 900 947 931 maria
969 899 1004 930 V.

595 969 741 1006 Tempore
761 968 933 998 Nativitatis
953 966 1018 996 DN.

556 1049 586 1080 1.
614 1047 760 1079 Salutata
785 1047 918 1079 coelitus

610 1095 718 1127 Mater
743 1093 779 1125 fit.
805 1093 956 1126 divinitus

660 1140 761 1173 Passa
784 1141 830 1172 nil
855 1149 1023 1181 puerpera.

155 1203 212 1234 23..
240 1200 343 1242 Stffla,
372 1200 474 1232 dulcis
495 1208 641 1239 mamma,
666 1198 743 1238 filio,
841 1198 898 1230 212.
919 1197 994 1229 Non
1017 1197 1051 1228 in
1075 1197 1148 1228 aula
1171 1205 1232 1228 nec
1255 1196 1288 1227 in
1313 1195 1403 1235 solio,

240 1249 279 1280 In
304 1256 365 1287 quo
391 1248 476 1278 salus
501 1255 560 1278 nec
583 1247 617 1279 in
642 1246 704 1278 alio
923 1245 996 1284 Hic,
1022 1244 1076 1275 hic
1099 1244 1188 1284 vagit
1211 1244 1245 1275 in
1268 1243 1439 1283 praesepio

288 1295 368 1334 Spes
394 1297 443 1326 est
467 1295 534 1327 ulla
556 1293 691 1326 miseris.
970 1290 1082 1324 Infans
1107 1295 1213 1323 terror
1237 1289 1361 1325 inferis,

157 1355 212 1386 3a.
239 1353 382 1385 Foenum
396 1351 493 1391 jacet,
511 1351 657 1382 strictum
670 1348 781 1389 fascia,
841 1349 899 1382 3b.
922 1348 1025 1381 Cerne
1048 1349 1184 1388 stellam,
1211 1344 1300 1387 audi,
1322 1345 1400 1387 filia,

238 1399 381 1431 Verbum
395 1399 508 1439 patris,
525 1398 655 1438 plenum
668 1397 781 1437 gratia,
922 1396 1008 1428 Num
1032 1395 1080 1427 tui
1104 1395 1172 1427 nati
1196 1395 1238 1426 sit
1262 1394 1365 1435 gloria

285 1446 378 1478 Paeti
401 1454 522 1477 memor
546 1444 694 1477 foederis.
972 1444 1051 1475 Tam
1077 1452 1194 1475 canora
1218 1441 1354 1482 superis.

156 1506 213 1538 42..
241 1503 307 1535 Hic
331 1505 379 1534 est
402 1502 469 1543 ille,
498 1502 552 1533 hic
575 1510 690 1535 revera
841 1501 899 1534 4b.
921 1500 1015 1532 Dona
1040 1500 1115 1532 date
1137 1498 1203 1531 fide
1226 1507 1325 1539 mera,

238 1551 334 1583 Risus
360 1550 469 1590 Sarae,
496 1558 566 1581 cum
593 1549 632 1581 de
657 1557 729 1580 sera
923 1548 986 1581 Hic
1011 1550 1078 1587 est,
1106 1551 1225 1587 gentes,
1252 1547 1286 1578 in
1311 1555 1372 1587 quo
1393 1555 1472 1579 vera

287 1599 380 1630 1saac
403 1597 585 1637 suscipitur.
972 1595 1070 1627 Vobis
1095 1595 1182 1627 salus
1206 1594 1352 1626 mittitur,

158 1657 213 1689 5a.
241 1655 351 1694 Serva,
376 1657 489 1694 mater,
515 1654 557 1686 ad
582 1652 740 1685 cunabula
843 1653 900 1686 5b.
921 1652 1040 1694 Mater,
1065 1652 1205 1694 inquam,
1232 1652 1301 1683 sine
1316 1650 1452 1691 macula,

238 1702 377 1734 Pascens
409 1711 524 1742 agnum
548 1701 634 1732 intra
658 1699 785 1732 stabula
924 1700 1029 1732 Laudi
1053 1708 1165 1740 preces
1184 1699 1320 1740 jungant
1343 1699 1472 1730 saecula

284 1749 331 1781 Te
353 1752 536 1789 pascentem
561 1748 718 1788 suaviter,
972 1747 1019 1780 Te
1045 1747 1202 1779 cantando
1225 1746 1354 1786 jugiter.

155 1809 212 1842 6a.
241 1806 372 1839 Gemma
398 1806 488 1846 coeli,
514 1809 609 1846 porta
632 1805 754 1845 veniae,
843 1804 902 1838 Gb.
925 1804 1009 1844 Quos
1034 1804 1184 1844 antiquae
1208 1802 1297 1835 fraus
1320 1803 1458 1835 astutiae

239 1855 327 1886 Tuae
350 1852 460 1886 florem
486 1853 669 1893 pudicitiae,
923 1852 1025 1884 Morti
1051 1852 1141 1884 dedit
1166 1855 1199 1883 et
1220 1851 1378 1891 miseriae,

285 1902 383 1934 Placa
406 1910 511 1943 regem
539 1901 674 1942 gloriae3
972 1899 1044 1931 Duc
1072 1899 1113 1931 ad
1139 1901 1266 1939 portum
1291 1899 1422 1939 gratiae.

231 1968 315 1994 Miss.
336 1975 389 1994 ms.
411 1967 588 1995 Seeoviense
608 1974 683 1993 saec.
702 1963 747 1992 12.
769 1964 838 1993 Cod.
860 1966 1017 1994 Graecens.
1038 1963 1104 1992 417.
1125 1964 1160 1991 A.
1184 1979 1222 1983 —
1240 1964 1324 1991 Miss.
1345 1972 1399 1991 ms.
1420 1962 1471 1991 Se-

155 2006 292 2033 coviense
315 2013 390 2033 saec.
414 2003 457 2032 12.
486 2003 555 2031 Cod.
576 2004 730 2032 Graecens.
758 2002 824 2031 479.
845 2004 878 2031 B.
899 2019 938 2022 —
960 2002 1097 2039 Sequent.
1122 2011 1176 2030 ms.
1198 2001 1376 2029 Secoviense
1396 2009 1471 2029 saec.

154 2041 211 2108 Ξὲὸ
223 2042 292 2107 Cssd.
314 2043 468 2071 Graecens.
491 2041 573 2070 1584.
596 2044 627 2068 (.:.
650 2056 684 2060 -
705 2041 788 2069 Miss.
809 2050 862 2069 ms.
878 2041 1054 2068 Secoviense
1071 2048 1147 2068 saec.
1169 2038 1214 2068 14.
1230 2040 1301 2067 Cod.
1315 2040 1472 2068 Graecens.

575 2170 620 2202 63.
660 2171 703 2201 Dc
725 2169 938 2210 compossione
959 2169 1048 2201 BMV.

157 2244 214 2277 la.
242 2242 364 2282 Gaude,
390 2242 485 2274 turba
507 2240 661 2281 fidelium,
841 2239 902 2273 lb.
931 2240 995 2272 Sed
1021 2240 1190 2280 gaudendo
1217 2241 1401 2278 compatere

238 2289 359 2321 Mentis
385 2290 491 2321 colens
515 2289 704 2328 martyrium
922 2287 1023 2319 Matri
1050 2286 1302 2319 desolatissimae

238 2336 329 2379 EJus,
356 2345 437 2376 quae
463 2336 553 2368 dedit
574 2334 675 2367 filium
922 2335 1003 2368 Cum
1029 2334 1126 2375 digna
1148 2332 1344 2375 gratitudine

285 2384 323 2416 In
348 2385 483 2415 mortem
506 2391 565 2423 pro
590 2382 725 2415 miseris.
969 2381 1094 2413 Effectu
1117 2380 1258 2421 pietatis.
