1653 2632
179 219 236 251 422.

181 371 235 402 5a.

178 701 240 733 la.

175 853 235 886 Za.

174 1004 233 1038 3a.

171 1156 229 1189 4a.

170 1308 226 1339 5a.

168 1457 225 1491 63..

168 1611 223 1643 7a.

165 1763 221 1795 Sa.

160 2135 216 2168 la.

157 2288 212 2321 2a.

706 131 965 168 —103—

265 219 291 252 O
317 230 411 260 quam
437 221 527 266 felix,
553 234 647 264 quam
671 226 776 271 beata,

262 266 313 299 De
338 277 401 308 qua
424 271 535 310 prodit
557 272 685 306 illibata

309 316 408 358 Virgo
434 321 466 349 et
489 328 659 361 puerpera,

261 371 357 404 Anna
384 373 496 413 dulcis,
521 376 617 408 Anna
638 378 702 418 pia,

264 419 342 452 Cum
367 420 453 453 dulci
477 425 554 455 nata
577 424 684 456 Maria

309 466 376 499 Nos
401 466 508 501 foveto
530 471 667 511 jugiter3

864 229 922 263 4b.
946 230 1009 262 Per
1041 240 1134 271 quam
1158 232 1225 264 vita
1247 234 1365 266 mundo
1390 234 1486 275 redit,

946 278 1009 309 Per
1031 287 1124 318 quam
1139 280 1233 318 pulsa
1247 289 1332 312 mors
1354 282 1486 322 recedit,

992 325 1055 357 Per
1080 335 1172 366 quam
1196 329 1309 366 patent
1332 329 1470 361 aethera.

865 380 922 413 5b.
944 382 1032 421 Jesu,
1058 381 1106 413 fili
1131 383 1232 415 dulcis
1258 384 1380 425 harum,

945 430 1013 461 Fac
1035 438 1093 461 nos
1117 430 1239 462 meritis
1264 432 1428 464 ambarum

994 476 1041 508 Te
1061 475 1125 508 frui
1149 479 1341 517 perenniter.

255 530 338 559 Miss.
359 542 413 561 ms.
433 534 506 562 bibl.
525 535 690 565 Rossianae
711 546 734 564 s.
757 540 831 574 sign.
855 548 929 568 saec.
951 539 995 569 13.
1017 542 1081 569 add.
1103 551 1177 570 saec.
1200 542 1244 571 14.

627 637 690 669 129.
730 639 774 670 De
794 640 904 671 sancta
922 641 1020 672 Anna.

265 701 353 734 Luce
377 704 487 737 lucens
509 706 543 737 in
567 716 716 748 superna,

262 749 359 781 Lucis
387 751 514 784 ductrix
541 756 573 785 et
596 755 737 796 lucerna,

308 796 472 831 Claritatis
497 801 617 842 gerula,

261 854 378 886 Mundi
399 855 497 895 jubar
520 857 678 891 luminare

259 898 385 933 Novum
409 904 499 942 paris
524 905 593 936 sine
617 915 697 945 pare

309 948 383 980 Sole
406 950 480 990 plus
504 951 704 992 illuminans;

260 1004 338 1037 Orta
363 1006 465 1046 stirpe
491 1007 531 1039 de
552 1010 652 1049 regali

257 1051 362 1091 Super
385 1056 488 1085 ortum
513 1056 647 1094 speciali

305 1099 433 1132 Gaudes
458 1102 637 1143 privilegio,

258 1156 348 1189 Cella
372 1166 449 1189 vera
474 1160 509 1189 tu
534 1159 691 1200 coelestis,

255 1203 292 1234 ln
319 1212 381 1243 qua
402 1205 556 1237 trinitatis
581 1207 680 1238 vestis

303 1250 365 1282 Est
389 1252 495 1283 ordita
518 1253 685 1293 primitus;

255 1306 390 1339 Carnem
413 1310 500 1339 tuam
526 1317 652 1341 carnem
680 1310 798 1342 Christi

251 1354 315 1386 Per
341 1355 490 1391 Mariani,
518 1365 611 1396 quam
636 1357 748 1397 tulisti,

300 1401 402 1434 Recta
426 1403 544 1442 probat
567 1404 662 1446 linea,

252 1458 301 1490 Tu
327 1459 480 1492 terminus
505 1460 667 1503 tristitiae,

251 1505 418 1547 scaturigo
443 1507 594 1548 laetitiae,

298 1553 385 1592 Quae
409 1554 534 1594 prolem
559 1554 762 1587 benedictam

250 1610 321 1642 Tua
344 1611 475 1651 grandis
502 1614 551 1644 est
573 1614 728 1653 potestas,

248 1657 322 1689 Tibi
348 1658 429 1690 coeli
455 1659 512 1691 dat
534 1660 685 1699 majestas

295 1705 498 1737 Matronatus
524 1707 668 1747 gloriam,

248 1760 321 1802 Eja,
345 1765 458 1803 mater,
484 1763 581 1802 plena
605 1763 707 1805 bonis,

248 1808 432 1841 Gratiarum
458 1810 525 1841 dita
550 1810 640 1842 donis

294 1856 333 1888 In
356 1857 519 1896 praesenti
544 1866 713 1899 pauperes,

866 710 926 743 lb.
947 710 1041 743 Felix
1065 713 1169 752 Anna,
1198 714 1238 745 de
1263 722 1397 746 caverna

944 757 1023 790 Laci
1047 759 1187 791 transfer
1211 761 1254 792 ad
1278 769 1416 800 superna

991 805 1087 837 Lucis
1112 816 1169 839 nos
1193 808 1348 840 vehicula.

862 860 920 892 212.
942 861 994 893 Ex
1018 866 1052 894 te
1077 863 1168 894 duxit
1193 867 1296 895 ortum
1322 865 1408 896 clare

943 908 1044 940 Maris
1069 910 1163 942 stella
1187 920 1245 950 per
1269 912 1330 943 hoc
1353 920 1440 943 mare

991 956 1171 995 Spa-tiosum
1196 958 1340 992 rutilans,

861 1010 919 1044 3b.
940 1012 1037 1044 Prole
1061 1012 1185 1053 fulgens
1208 1015 1277 1046 sola
1301 1015 1369 1054 tali,

943 1058 1035 1097 Quali
1058 1060 1148 1092 nulla
1174 1061 1213 1092 de
1237 1062 1365 1093 mortali

989 1105 1075 1138 sexu
1099 1107 1150 1139 vel
1175 1108 1319 1148 collegio.

857 1161 917 1194 4b.
939 1161 1044 1202 HuJus
1069 1163 1116 1194 rei
1142 1172 1215 1196 earo
1240 1165 1331 1196 testis

939 1209 1057 1241 Exstat
1073 1209 1200 1250 Christi,
1224 1220 1317 1251 quam
1332 1212 1366 1243 in
1382 1211 1473 1244 festis

989 1256 1102 1288 Gestat
1122 1258 1189 1296 jam
1214 1259 1413 1292 coelestibus.

857 1311 917 1345 5b.
941 1312 1009 1351 Qua
1035 1321 1103 1344 cum
1128 1313 1198 1346 Deo
1223 1316 1409 1347 contraxisti

939 1358 1046 1391 Genus
1071 1369 1164 1392 omne
1188 1370 1226 1393 ac
1250 1362 1357 1394 vicisti

986 1406 1071 1438 Nata
1097 1416 1167 1439 cum
1191 1409 1345 1449 virginea.

856 1462 914 1496 6b.
938 1463 988 1495 De
1013 1464 1132 1504 gremio
1159 1466 1216 1497 das
1240 1466 1373 1507 gratiae,

936 1510 1077 1542 Matrem
1103 1512 1179 1544 solis
1200 1513 1353 1557 justitiae,

984 1558 1073 1590 Labe
1097 1568 1229 1599 prorsus
1254 1561 1414 1594 invictam.

855 1616 872 1647 7
881 1614 912 1648 b.
936 1615 990 1647 Ad
1003 1616 1221 1657 tranquillum,
1236 1626 1313 1657 quos
1326 1620 1478 1660 potestas,

934 1663 989 1694 Ad
1013 1661 1173 1704 fluentem,
1198 1673 1274 1704 quos
1299 1668 1421 1705 egestas

980 1710 1093 1751 Urget,
1119 1711 1212 1743 trahe
1237 1713 1369 1752 copiam.

852 1765 910 1798 8b.
932 1766 1036 1806 Hujus
1063 1775 1188 1799 cursum
1213 1772 1286 1807 post
1311 1770 1420 1809 agonis

933 1813 1176 1853 Triumphatum
1199 1824 1257 1847 nos
1280 1816 1313 1847 in
1337 1816 1461 1866 thronis

979 1860 1068 1892 Loca
1091 1861 1182 1893 bonis
1206 1862 1331 1897 uberes.

239 1921 327 1950 Grad.
350 1930 404 1949 ms.
425 1923 601 1950 Brixinense
623 1931 698 1951 saec.
727 1922 771 1952 15.
794 1925 863 1954 Corl.
885 1924 1027 1954 Seminar.
1048 1927 1160 1954 Brixin.
1183 1936 1204 1955 s.
1227 1929 1302 1964 sign.
1328 1944 1366 1947 —
1392 1929 1474 1957 Mela

162 1960 265 1989 Gaude
286 1959 359 1988 Sion
380 1960 458 1997 quod
477 1969 621 1996 egressus.

624 2062 687 2095 130.
727 2063 771 2095 De
791 2065 900 2095 sancta
919 2065 1018 2096 Anna.

246 2134 355 2167 Omnis
380 2134 518 2167 mundus

242 2182 394 2214 Exsultet
415 2184 445 2213 et
470 2182 513 2213 sit
533 2182 694 2222 jucundus

288 2230 442 2269 Alleluja‚

238 2287 336 2319 Anna
359 2287 471 2327 nupsit
493 2286 595 2318 nobili

239 2335 386 2369 Joachim
413 2335 581 2375 consimili,

281 2382 350 2415 Soli
374 2383 479 2425 stella,

848 2135 907 2168 ib.
930 2135 1024 2168 Nova
1048 2134 1133 2169 festa

930 2183 1025 2216 Nunc
1047 2184 1166 2216 adsunt
1185 2186 1244 2217 sed
1272 2186 1326 2218 diu
1351 2189 1450 2228 gesta,

976 2231 1041 2263 Res
1064 2232 1221 2265 miranda.

846 2287 904 2321 ab.
927 2288 972 2320 Hi
998 2289 1107 2320 dilecti
1130 2290 1255 2330 pariter

928 2336 1084 2368 Vixerunt
1110 2336 1249 2370 feliciter

974 2385 1060 2417 Fide
1086 2386 1182 2418 clara.
