1653 2632
212 225 267 257 311.

212 377 268 409 421.

214 529 267 559 5a.

214 678 269 711 6a.

214 830 269 861 7a.

214 980 270 1013 Sa.

214 1132 270 1164 9a.

191 1329 271 1362 lOa.

708 121 968 157 —128—

292 222 437 254 Fraudes
462 221 543 253 vitat
567 218 756 251 feminarum

293 270 338 303 Ut
362 269 541 310 praedones
564 267 740 299 animarum

342 316 487 349 Sectator
511 315 564 347 hic
588 314 725 353 virtutis,

295 373 454 406 Valefacit
477 371 673 413 parentibuS,

296 421 390 454 Crine
413 424 504 452 tonso
531 427 601 450 cum
624 416 779 449 fratribus

342 468 491 501 Sanctum
517 465 641 506 quaerit
663 464 770 503 otium,

295 525 399 558 Urbes
414 524 558 562 horrens,
582 523 696 559 castra,
714 528 813 560 pagos

294 572 382 604 Inter
407 578 540 611 quercus
565 571 660 609 atque
684 566 773 607 fagos

341 619 443 650 Vacat
468 617 548 649 coeli
572 616 688 651 curiae,

298 675 412 708 Gulam
437 673 544 706 frenat
567 672 745 712 saporibus,

293 724 406 755 Vestes
432 723 541 753 carent
566 719 790 760 splendoribus

342 769 445 802 Sorde
468 772 573 800 tamen
600 768 741 807 dejecta3

296 826 481 859 Sanctitatis
506 825 545 857 ob
571 827 713 856 tenorem

293 874 499 908 Praesulatus
525 872 567 904 ad
590 872 742 903 honorem

341 921 488 955 Poscitur
513 929 533 952 a
556 919 694 959 populis,

295 978 482 1011 Haereticos
506 977 689 1015 insectatur,

295 1026 378 1066 Quos
404 1023 556 1064 confutat,
585 1024 659 1055 dum
674 1023 815 1054 luctatur

341 1072 473 1106 Publico
499 1071 688 1111 certamine3

297 1130 334 1162 In
358 1129 551 1169 argumentis
576 1127 704 1159 virtutis

294 1178 401 1210 Multa
425 1177 516 1216 signa
542 1175 597 1207 dat
621 1174 733 1206 salutis

296 1227 346 1258 Ac
372 1224 516 1256 sensibus
541 1222 696 1254 restitutis

342 1272 478 1311 Expulit
501 1270 676 1303 daemonia.

297 1329 322 1361 Ο
347 1327 544 1370 Bernharde‚
573 1326 653 1358 coeli
679 1326 789 1369 cultor,

294 1376 389 1407 Vitae
410 1378 539 1407 nostrae
563 1374 606 1406 sis
634 1374 803 1413 consultor,

295 1424 359 1456 Per
375 1425 408 1454 te
426 1422 579 1461 Christus,
599 1422 703 1461 justus
718 1421 814 1460 ultor,

298 1469 494 1503 Offensarum
519 1470 561 1501 sit
583 1469 726 1500 indultor

344 1517 556 1557 Largitorque
579 1516 700 1548 veniae.

192 1639 246 1675 9b,
267 1639 285 1668 2
304 1641 403 1668 Arces.
424 1657 462 1661 —
483 1638 518 1667 10
527 1648 553 1670 a,
573 1639 592 1667 4
613 1640 653 1666 sis
676 1638 814 1665 indultor.

195 1843 251 1875 la.

194 1995 251 2027 Za.

196 2146 251 2178 3a.

196 2298 254 2329 4a.

893 217 951 251 310.

893 367 952 402 4b.

895 518 952 552 510.

895 671 952 704 eb.

896 822 954 855 7b.

897 973 954 1008 8b.

898 1125 955 1159 9b.

874 1324 957 1358 10b.

973 216 1041 248 Deo
1066 216 1223 256 praebens
1249 214 1437 247 coelibatum

979 263 1021 295 Se
1046 265 1211 295 conservat
1234 262 1392 293 illibatum

1021 310 1180 350 Tempore
1201 309 1386 348 juventutis.

973 367 1012 399 In
1039 366 1217 406 exemplum
1238 366 1340 397 sancti
1366 365 1456 397 callis

975 413 1182 446 Adstruendo
1209 412 1415 445 Claraevallis

1023 461 1146 493 Nititur
1171 459 1364 491 coenobium.

978 518 1040 551 Cor
1065 517 1232 550 succendit
1254 517 1288 548 in
1313 525 1462 554 amorem,

978 566 1112 600 Carnem
1137 567 1256 596 tractat
1279 564 1322 596 ad
1343 563 1496 603 laborem,

1022 613 1184 646 Martham
1205 611 1311 652 jungit
1334 611 1468 644 Mariae.

975 670 1160 703 Detestatus
1185 669 1359 702 vanitatem

977 718 1110 757 Semper
1134 719 1221 749 amat
1245 716 1410 748 caritatem

1024 766 1217 805 Paupertate
1240 764 1393 804 subjecta.

977 821 1041 854 Sed
1064 822 1127 853 hac
1150 829 1273 862 gemma
1297 819 1451 860 singulari

976 869 1050 901 Non
1074 869 1144 901 vult
1168 867 1285 900 fratres
1313 866 1500 899 defraudari

1026 915 1170 948 Christus
1195 924 1252 947 rex
1276 915 1310 946 in
1334 913 1480 946 saeculis,

980 972 1096 1005 Fidem
1121 972 1215 1005 dictis
1239 971 1415 1012 roboravit,

977 1020 1086 1053 Libris
1113 1020 1218 1059 claris,
1245 1027 1323 1059 quos
1348 1017 1483 1050 dictavit

1026 1067 1167 1099 Venusto
1194 1066 1373 1099 dictamine.

976 1124 1194 1157 Ecclesiamm
1219 1126 1372 1163 tyrannos

978 1173 1080 1205 Acres
1100 1172 1195 1204 nimis
1221 1174 1317 1211 atque
1340 1178 1470 1210 magnos

978 1220 1042 1252 Per
1069 1228 1234 1251 censuram
1258 1217 1368 1250 reddit
1391 1225 1500 1257 agnos,

1026 1267 1122 1299 ,Iussa
1147 1266 1308 1306 complent
1330 1265 1446 1297 omnia.

981 1324 1028 1357 Ut
1052 1324 1086 1355 in
1111 1332 1186 1355 arce
1210 1332 1333 1355 summa
1356 1322 1422 1362 poli

980 1371 1143 1403 Sociemur
1167 1379 1243 1403 vero
1268 1370 1339 1410 soli,

979 1419 1061 1459 Regi
1084 1427 1202 1459 regum,
1231 1418 1326 1459 digno
1353 1417 1425 1456 coli,

979 1467 1018 1499 In
1044 1475 1105 1506 quo
1130 1466 1247 1498 sistunt
1272 1468 1303 1497 et
1328 1464 1481 1497 assistunt

1028 1514 1191 1546 Perennes
1214 1513 1359 1545 deliciae.

267 1603 349 1630 Miss.
384 1610 437 1629 ms.
466 1601 494 1629 S.
522 1601 664 1637 Stephani
693 1599 884 1627 Divionensis
913 1606 988 1626 saec.
1016 1597 1060 1626 15.
1090 1597 1159 1625 Cod.
1186 1597 1347 1625 Parisiens.
1375 1594 1442 1624 379.
1466 1611 1503 1615 —-

611 1759 671 1791 166.
702 1759 744 1790 De
765 1758 870 1790 sancto
894 1757 1084 1789 Bernhardo.

279 1841 392 1874 Gaude
416 1842 547 1881 caelum,
572 1843 660 1872 terra
683 1839 812 1879 plaude,

276 1889 381 1922 Extra
405 1889 511 1920 velum
537 1888 634 1929 digna
656 1887 753 1919 laude

325 1937 478 1969 Revelata
502 1934 594 1977 facie,

279 1995 408 2026 Patrem
432 1994 524 2025 illum
548 1992 640 2024 nobis
671 1991 786 2030 dando,

277 2041 336 2079 Qui
361 2041 512 2073 vexillum
536 2038 754 2080 praedicando

325 2088 408 2120 Suae
433 2088 536 2120 crucis
562 2086 684 2122 extulit,

279 2144 378 2183 Quam
403 2146 446 2177 sit
468 2145 569 2176 bonus
595 2142 779 2184 requirenti,

280 2192 392 2225 Carnis
418 2201 496 2225 onus
521 2189 743 2223 contemnenti.

326 2240 402 2272 Pius
427 2241 521 2274 Jesus
546 2238 678 2270 animae.

280 2296 328 2329 Ob
356 2297 483 2329 virtutis
507 2296 704 2328 incrementa

280 2343 404 2381 Surdis‚
429 2344 525 2375 mutis
549 2342 735 2374 fulcimenta

327 2391 505 2424 Sanitatum
528 2389 699 2430 praestitit,

880 1838 938 1871 lb.

881 1990 937 2023 212.

882 2141 939 2175 312.

880 2293 940 2327 4b.

962 1838 1087 1871 Christo
1113 1837 1226 1877 psalle,
1253 1836 1307 1877 qui
1334 1835 1448 1868 dilexit

961 1886 1007 1918 Et
1030 1886 1064 1918 in
1088 1885 1174 1917 valle
1195 1893 1253 1917 nos
1278 1883 1421 1924 respexit

1010 1933 1130 1966 Luctus
1156 1935 1189 1964 et
1211 1931 1369 1963 miseriae.

961 1989 1065 2021 Verbo
1091 1989 1191 2030 suavi,
1216 1989 1270 2029 pio
1295 1990 1396 2029 gestu,

963 2037 1014 2069 De
1036 2037 1180 2069 conclavi
1203 2036 1302 2068 multo
1328 2035 1461 2075 quaestu

1008 2084 1133 2116 Mundo
1156 2085 1265 2124 palam
1289 2082 1410 2120 retulit,

962 2142 1086 2175 Bonam
1109 2141 1245 2173 nardum
1268 2140 1363 2179 longe
1378 2136 1507 2177 sparsit,

962 2190 1026 2222 Per
1047 2188 1272 2221 Berimardum
1303 2186 1357 2226 qui
1390 2183 1510 2215 exarsit

1010 2237 1096 2269 Vere
1125 2236 1226 2268 dulcis
1250 2232 1387 2266 flamine.

963 2293 1015 2326 Ab
1041 2292 1179 2325 obsessis
1205 2291 1339 2323 daemon
1365 2288 1461 2331 cedit,

963 2340 1079 2373 Morbo
1104 2338 1223 2380 pressis
1248 2337 1333 2369 salus
1359 2336 1456 2378 redit,

1012 2387 1081 2420 Sibi
1105 2396 1164 2427 par
1187 2394 1252 2417 non
1280 2384 1414 2423 exstitit,
