1653 2632
730 132 891 167 —256
942 153 986 158 —

230 223 288 255 4a.
315 223 379 255 Hic
402 226 449 255 est
472 225 551 265 legis
578 226 766 267 declarator,

313 269 377 301 Hic
401 270 564 304 doctorum
588 274 745 306 lucidator

359 317 457 350 Sacra.
480 321 624 359 pandens
648 322 764 364 munia,

233 375 289 406 5a.
316 374 478 407 Thronum
506 379 616 408 tenens
642 378 827 418 Salomonis,

310 421 454 461 Regnum
479 424 592 454 sternit
616 425 789 464 Babylonis

356 468 541 509 Dogmaque
564 472 738 514 gentilium,

227 524 285 556 6a.
311 523 415 557 Felix
440 534 500 564 per
523 535 613 566 quem
639 529 756 560 veritas

311 570 468 603 Panditur
494 575 525 603 et
550 572 673 605 falsitas

356 618 465 650 Omnis
490 620 691 661 reprobatur,

228 675 282 706 7a.
307 673 404 706 Latet
448 676 533 707 hunc
579 677 652 708 dum
701 687 825 711 sacrum

596 733 721 762 numen,

306 769 405 809 Petri,
431 770 522 802 Pauli
547 771 640 802 adest
662 772 777 810 lumen,

354 816 419 855 Quo
444 822 633 857 praeceptor
658 821 796 851 omnium

223 872 278 905 8a.
305 873 329 905 O
345 882 438 913 quam
446 874 562 913 probat
570 875 653 906 hunc
663 876 824 909 doctorem

304 921 421 952 Verum
443 922 554 961 populi
578 922 740 955 ductorem

349 967 478 999 Domini
497 971 662 1009 sententia,

223 1024 279 1056 9a.
306 1023 433 1056 Laudes
459 1034 532 1064 ergo
557 1035 616 1065 pro
639 1027 749 1060 inclito

303 1070 425 1103 Thoma
450 1072 579 1104 doctore
605 1074 712 1116 dicito,

348 1118 444 1151 Plebs
468 1128 590 1160 serena,

199 1173 241 1206 10
252 1183 279 1205 a.
307 1174 371 1206 Sed
395 1178 441 1217 tu,
464 1176 567 1218 rabbi,
593 1182 686 1217 pater
708 1179 771 1218 pie,

302 1222 400 1263 Virgo
425 1232 523 1262 purus
551 1227 581 1255 et
607 1226 738 1265 sophiae

348 1270 483 1301 Amator
508 1272 666 1313 assiduus,

268 1333 351 1360 Miss.
372 1343 425 1361 ms.
445 1335 613 1363 Praedicatt
639 1337 856 1366 Vindobonens.
877 1348 900 1367 s.
921 1341 987 1376 sign

912 229 971 262 4b.
992 229 1106 260 Falsos
1130 228 1265 267 dissipat
1292 236 1416 259 errores

992 276 1156 315 Verosque
1181 275 1342 314 componit
1362 283 1481 313 moresr

1042 322 1128 354 Nota
1148 322 1257 354 reddit
1282 322 1424 353 crimina.

911 380 969 414 512,
986 380 1080 410 Vires
1103 382 1235 418 superat
1258 378 1429 413 Samsonis.

989 426 1092 459 Castis
1119 426 1192 458 dum
1219 426 1355 466 cingitur
1378 426 1479 460 zonis*

1040 473 1096 505 Fit
1120 482 1177 504 ceu
1203 474 1341 505 candens
1366 474 1483 505 lilium.

910 530 966 564 6b.
978 531 1141 562 Virtutum
1164 530 1339 570 moralitas,

989 578 1149 611 Vitiorum
1172 578 1317 617 pravitas

1037 625 1160 657 Mundo
1188 625 1433 658 demonstratur.

910 682 928 713 7
936 681 967 714 b.
991 682 1086 715 Jubet
1109 682 1206 721 Jubar
1229 682 1396 721 illustrari,

989 775 1084 807 Sidus
1108 777 1178 807 vult
1202 775 1373 808 clarificari

1035 824 1098 855 Pro
1121 824 1193 854 luce
1215 822 1367 856 fidelium.

906 878 965 912 Sb.
988 881 1087 918 Quam
1110 879 1193 911 bene
1215 880 1255 912 de
1270 889 1322 911 me
1338 881 1511 924 scripsisti,

988 920 1268 968 Christus'inquit,
1296 936 1369 968 ergo
1393 929 1449 960 isti

1034 973 1152 1006 Credat
1171 975 1239 1014 jam
1264 976 1406 1007 ecclesia.

903 1029 960 1062 9b.
985 1030 1080 1070 Cuius
1107 1031 1270 1063 doctrinae
1295 1032 1405 1064 radius

985 1077 1144 1110 Christum
1168 1079 1364 1111 demonstrat
1388 1081 1504 1112 clarius

1031 1125 1118 1157 Luce
1141 1126 1248 1165 plena.

879 1179 962 1212 10b.
986 1182 1161 1214 Veritatem
1185 1183 1321 1222 primam
1346 1193 1412 1217 ora.

984 1229 1029 1261 Ut
1052 1239 1238 1270 quacunque
1261 1231 1352 1264 nobis
1377 1232 1457 1264 hom

1033 1276 1080 1308 Sit
1108 1278 1220 1310 doctor
1243 1282 1426 1318 perpetuus.

989 1361 995 1366 .
1016 1343 1086 1368 anni
1107 1341 1189 1369 1477.
1208 1359 1232 1363 -
1265 1344 1334 1371 Mel.
1357 1344 1501 1373 ofi‘enbar:

190 1370 227 1397 In
248 1371 367 1398 coelesti
386 1372 558 1400 hierarchia.
578 1390 618 1394 —
636 1373 689 1408 2b,
710 1373 728 1403 3
749 1376 905 1404 Pannonia
923 1377 1158 1407 Schreibfehler?

558 1465 625 1497 350.
663 1467 706 1498 De
723 1476 746 1499 s.
769 1468 883 1499 Thoma
905 1469 1133 1502 cantuariensi.

608 1537 638 1568 1.
667 1536 788 1574 Gaude,
814 1540 917 1570 mater
942 1540 1086 1580 ecclesia,

664 1584 702 1615 In
731 1584 869 1617 filiorum
892 1587 1003 1626 gloria.

192 1636 246 1667 2a.
274 1635 357 1674 Quos
381 1640 512 1676 peracta
536 1639 670 1672 victoria

274 1683 363 1716 Coeli
387 1686 526 1725 suscepit
551 1688 647 1719 curia.

189 1740 245 1772 3a.
272 1739 322 1771 Ibi
344 1741 430 1772 salus
457 1743 605 1775 continua

270 1788 355 1819 Vera
382 1788 460 1820 dant
482 1791 601 1822 sanctis
626 1793 751 1832 gaudia.

187 1844 246 1876 4a.
275 1843 369 1883 Cujus
393 1846 460 1877 vita
484 1848 684 1881 sanctissima

268 1891 427 1923 Virtutum
454 1892 544 1926 fulsit
567 1897 671 1936 gratia

187 1948 242 1979 5a.
272 1947 348 1979 Cum
375 1948 541 1982 defunctus
568 1956 651 1984 esset
673 1957 786 1986 unctus

315 1995 523 2029 Sacrosancto
549 1999 728 2041 chrismate,

268 2042 357 2074 Mors
381 2045 513 2083 recedit,
540 2046 606 2078 vita
630 2048 716 2079 redit

315 2090 433 2122 Orante
455 2092 615 2131 pontifice.

187 2145 242 2177 6a.
268 2145 393 2185 Lapsus
420 2156 498 2187 equo
524 2151 716 2182 convalescit

267 2191 311 2223 Et
336 2193 493 2227 laesuram
517 2196 621 2228 laesus
643 2199 744 2230 nescit

314 2240 474 2273 Praesulis
497 2245 688 2284 precamine,

184 2295 238 2326 73.
263 2294 328 2326 Res
351 2297 505 2341 miranda,
531 2309 588 2331 vas
611 2305 792 2341 quassatum

264 2342 381 2373 Vinum
404 2349 511 2376 servat
533 2347 692 2379 illibatum

313 2388 439 2421 Fractis
464 2395 569 2425 tamen
593 2396 756 2436 partibus;

873 1643 930 1676 2b.
954 1644 1004 1675 lbi
1026 1644 1088 1676 Dei
1111 1647 1295 1685 praesentia

952 1691 997 1723 Et
1021 1701 1086 1731 pax
1107 1693 1195 1733 viget
1216 1697 1382 1734 perpetua.

871 1747 929 1781 3b.
953 1748 1004 1780 lbi
1028 1749 1182 1783 Thomam
1206 1752 1325 1784 coelica

951 1795 1102 1828 Sanctum
1126 1798 1307 1832 demulcent
1331 1801 1463 1835 cantica.

868 1852 930 1886 41).
950 1853 1060 1886 Mutus
1084 1853 1171 1887 fatur
1195 1858 1227 1887 et
1251 1855 1380 1897 fugatur

953 1900 1074 1941 Capitis
1099 1903 1257 1937 obscenia.

870 1956 928 1989 5b.
952 1958 1156 1998 Obstupescit
1179 1960 1293 1993 hausto
1318 1965 1398 2002 potu

997 2006 1106 2039 Plebis
1132 2008 1293 2044 adunatio,

950 2053 1039 2092 Quod
1062 2054 1196 2094 liquoris
1220 2056 1383 2089 benedicti

996 2100 1070 2133 Non
1095 2102 1136 2133 sit
1161 2103 1339 2137 minoratio.

867 2154 926 2188 6b.
949 2155 1083 2189 Sanctus
1108 2167 1203 2191 orans
1229 2162 1324 2193 corde
1349 2163 1467 2195 mundo

948 2203 1015 2235 Dat
1038 2206 1173 2239 salutem
1196 2209 1387 2242 moribundo

993 2251 1109 2284 Turbis
1134 2255 1377 2294 admirantibus,

865 2305 883 2336 7
890 2304 922 2337 b.
946 2307 970 2339 O
997 2317 1090 2347 quam
1114 2312 1249 2350 pulchre
1271 2323 1404 2353 precum
1420 2319 1506 2350 vota.

945 2354 1055 2387 Mente
1079 2357 1336 2400 libavitdevota

994 2401 1064 2435 Deo
1093 2404 1155 2436 Dei
1180 2405 1327 2440 famulus.
