1653 2632
149 222 206 254 3a.

147 561 205 593 4a.

148 899 205 931 5a.

149 1239 207 1270 6a.

151 1813 205 1846 1³.

151 1964 207 1996 2a.

151 2114 205 2145 3a.

149 2266 212 2299 421.

683 123 921 157 -36—

232 221 271 253 In
294 220 356 251 hac
381 220 432 251 die
833 219 894 251 3b.
916 218 1053 250 Tantum
1078 226 1201 248 sacrum

280 276 343 299 nox
366 267 438 298 luce
463 266 628 306 premitur,
962 273 1026 296 non
1049 264 1162 295 vident
1181 265 1273 303 oculi,

230 314 311 347 Exit
333 322 454 354 verum,
916 311 967 343 Ne
992 310 1134 342 fruentes

278 360 403 392 falsitas
427 361 574 400 demitur,
962 358 1151 389 horrescant
1172 358 1289 397 singuli

232 408 380 448 Regnant
400 417 492 447 nova,
916 405 1107 437 Sacerdotes

278 457 419 487 vetustas
443 455 567 486 tollitur
963 461 1023 483 nee
1046 461 1110 484 non
1135 454 1168 483 et
1190 451 1304 491 populi

325 501 491 533 Nubilosa.
1010 499 1059 531 Re
1082 499 1210 532 mirosa.

233 558 314 591 Caro
339 557 437 595 cibus,
832 556 890 589 410.
914 555 1037 596 Corpus
1061 564 1124 587 uno

277 604 403 644 sanguis
428 603 465 635 fit
489 603 586 643 potio,
962 603 1013 635 vel
1039 603 1127 634 mille
1151 601 1271 634 fruitur

231 651 375 684 Christus
400 659 494 683 verus
916 650 986 682 Nee
1010 650 1050 682 ab
1076 650 1142 681 illis

280 701 384 730 exstat
409 701 440 729 et,
463 698 549 736 unio,
963 703 1091 737 sumptu
1118 697 1323 737 eonsumitur⁷

229 745 400 778 Fractione
916 745 996 777 Tam
1021 754 1042 776 a
1066 744 1158 776 bonis

275 801 336 824 nec
358 791 397 824 fit
422 792 535 824 divisio
963 801 1057 832 quam
1080 792 1173 823 malis
1195 791 1324 831 capitur

324 840 385 871 Rei
409 842 524 871 sectae.
1012 839 1075 871 Sed
1101 848 1160 871 nee
1184 844 1283 872 reete.

231 897 349 929 Exstat
373 897 458 928 salus
835 896 892 929 5b.
916 896 988 928 Hoc
1012 898 1061 928 est
1083 905 1201 928 manna

281 943 375 983 digne
402 942 591 983 fruentibus,
963 944 1117 976 traditum
1142 942 1288 983 patribus

234 991 298 1023 Sed
325 991 512 1023 damnamen
916 991 961 1023 Et
985 991 1105 1031 angelis

280 1041 328 1069 est,
350 1038 563 1077 abutentibus,
964 1041 996 1070 et
1020 1038 1207 1077 viatoribus,

232 1086 285 1119 Sic
310 1088 359 1117 est
381 1085 485 1125 impar
918 1086 1015 1118 Panis
1039 1094 1199 1125 nunquam

279 1133 345 1164 vita
370 1131 548 1164 fruentibus
963 1133 1137 1165 mittendus
1163 1132 1294 1164 canibus

327 1179 541 1213 Sacramento.
1010 1181 1080 1213 Abs
1105 1179 1261 1212 fermento

234 1238 322 1276 Jesu,
348 1245 423 1268 vere
834 1237 892 1270 6b.
917 1238 962 1271 Ut
983 1237 1154 1277 jungamur

279 1284 333 1323 qui
358 1283 450 1323 panis
477 1283 603 1325 diceris,
963 1283 1028 1316 fine
1053 1293 1123 1316 cum
1148 1284 1283 1324 superis,

230 1330 416 1363 Miserando
916 1332 1054 1370 Exaudi,
1081 1341 1154 1364 nam

281 1378 415 1409 condole
439 1378 573 1417 miseris,
965 1379 1202 1419 probitiaberiS,

232 1425 292 1465 Qui
316 1424 428 1457 fideles
917 1426 967 1458 Ne
994 1427 1189 1467 damnemur,

281 1473 439 1512 quondam
465 1472 504 1504 ab
529 1471 642 1504 inferis
966 1483 1044 1514 quos
1070 1474 1180 1514 poenis
1205 1474 1332 1506 miseris

328 1519 485 1559 Rapuisti.
1013 1521 1202 1554 Redemisti.

226 1603 309 1630 Miss.
329 1603 499 1631 Parisiense
519 1612 594 1632 saec.
615 1602 659 1631 14.
682 1604 751 1632 Cod.
770 1605 929 1633 Parisiens.
952 1603 1017 1634 861.
1039 1606 1098 1633 Mit
1116 1606 1185 1634 Mel.

588 1733 637 1764 43.
676 1733 720 1765 De
741 1734 875 1775 corpore
897 1735 1023 1767 Christi.

235 1812 477 1845 Sacrosanctum
503 1822 618 1854 corpus
643 1823 702 1846 ave
837 1816 896 1849 lb.
919 1818 991 1850 Ave
1015 1816 1102 1857 Jesu,
1130 1817 1262 1849 verbum
1289 1827 1396 1858 suave,

233 1859 310 1891 Jesu
336 1860 466 1904 Christi,
491 1864 527 1893 tu
549 1871 705 1901 pei-suave
919 1864 982 1897 Dei
1006 1866 1120 1905 patris,
1147 1874 1207 1905 per
1233 1866 1318 1906 quod
1343 1875 1363 1898 a
1388 1875 1449 1899 vae

281 1907 382 1939 Nobis
407 1917 440 1939 es
465 1909 626 1949 edulium,
967 1913 1083 1946 Coetus
1108 1912 1146 1945 fit
1170 1912 1324 1948 fidelium.

235 1964 355 1996 Lumen
377 1965 467 2006 coeli,
493 1966 646 2006 splendor
662 1968 774 2008 patris,
836 1968 894 2001 ab.
918 1969 1036 2000 Verum
1064 1978 1178 2010 eorpus
1204 1980 1263 2002 ave
1289 1971 1420 2014 Christi,

235 2010 301 2042 Nos
324 2011 452 2044 illustra
475 2022 572 2053 prece
594 2014 705 2045 matris
921 2016 970 2047 Tu
993 2026 1051 2048 nos
1078 2025 1172 2049 cruce
1195 2018 1362 2050 redemisti

281 2058 369 2090 Tuae
393 2062 487 2098 pastu
515 2060 648 2100 coeli003
969 2063 1129 2103 Sanguine
1151 2074 1216 2097 non
1240 2066 1377 2100 modico.

232 2114 313 2146 Esto
337 2115 429 2147 nobis
454 2117 661 2156 medicamen,
837 2119 894 2151 31).
919 2119 996 2151 Jesu
1021 2120 1119 2161 salve,
1147 2122 1235 2154 salve
1260 2122 1398 2164 Christe,

233 2161 354 2201 Virtus,
381 2162 493 2203 victus,
520 2164 585 2204 lux,
611 2164 755 2196 levamen
917 2166 1057 2199 Tuorum
1083 2171 1263 2201 sanctorum
1290 2169 1368 2201 siste

281 2208 325 2239 Et
349 2209 434 2241 vitae
460 2211 651 2251 communio;
968 2213 1035 2246 Nos
1059 2215 1093 2247 in
1117 2216 1336 2249 contubernio.

236 2264 324 2297 Ecce
347 2265 408 2297 tibi
429 2267 541 2299 laudes
564 2268 684 2309 damus,
838 2269 898 2302 412.
921 2269 1016 2302 Salve
1042 2272 1144 2303 dulcis
1170 2274 1203 2303 et
1225 2272 1372 2315 benigne,

235 2312 431 2344 Venerantes
456 2316 489 2345 te
511 2323 657 2354 rogamus
922 2317 1017 2350 Salve
1043 2323 1157 2351 cuncta
1180 2319 1276 2350 laude
1303 2320 1410 2363 digne,

282 2359 329 2391 Te
353 2359 474 2400 tibique
500 2362 658 2403 canimus;
967 2364 1042 2396 Tibi
1067 2365 1297 2400 benedicimus,
