1653 2632
676 108 913 144 -56—

168 205 222 237 5a.
250 203 443 242 Imperatrix
467 202 615 243 omnium,
851 203 913 237 5b.
937 204 1138 236 Consolatrix
1163 206 1353 246 supplicum,

246 250 358 283 Firma
380 258 453 289 spes
479 250 685 290 credentium,
931 251 1166 290 Prophetarum
1193 253 1360 293 canticum,

295 297 485 337 Praemium,
980 297 1126 340 Unicum,

294 345 442 386 pretium,
983 345 1162 388 mysticum,

295 392 454 432 gaudium,
981 392 1143 434 coelicum,

247 438 339 470 Salus
366 447 398 470 es
423 437 575 475 fidelium,
931 438 1037 471 Decus
1064 448 1097 471 es
1121 441 1309 481 angelicum,

247 486 351 519 Janua
377 486 567 517 coelestium.
932 487 1127 519 Promissum
1151 487 1353 521 Davidicum.

164 546 220 577 6a.
249 541 355 574 Genus
376 542 492 581 regale,
849 542 908 576 6b.
931 544 1098 583 Templum
1115 544 1281 587 virginale,

246 589 309 620 Vas
334 588 488 628 spiritale.
931 590 1059 623 Donum
1083 592 1232 632 speciale.

164 648 219 680 72.
247 645 379 677 Gemma
405 644 570 685 castitatis,
851 646 908 681 7b.
935 647 1043 680 Jesum
1068 649 1159 681 nobis
1184 649 1350 689 placatura

244 693 321 725 Flos
345 692 550 732 virginitatis,
980 695 1085 728 Semel
1109 697 1192 737 petit
1215 697 1356 738 aethera,

243 740 365 772 Norma
388 739 577 771 sanctitatis.
702 744 739 775 ’.1
786 762 795 771 .
811 738 825 753 *
933 742 1008 774 Sine
1032 742 1096 775 fine
1120 747 1292 785 regnatura

242 795 337 828 Felix
356 796 451 836 dicta,
469 796 559 836 virgo
576 805 659 836 pura
702 831 708 834 -
725 803 739 819 *
756 786 765 792 ²
786 807 792 813 -
813 828 821 837 ‚
977 790 1067 822 Mole
1094 792 1198 823 carnis
1223 792 1336 833 libera,

291 844 390 876 Simul
415 846 448 875 et
470 852 640 884 puerpera,
931 847 1031 880 Justis
1055 847 1125 879 laus
1150 851 1290 890 aeterna,

242 891 405 924 Maritalis
429 891 516 923 thori
537 891 612 930 jura
929 893 991 925 Die
1016 894 1173 927 hodierna

290 938 443 970 Nesciens
470 940 502 969 et
526 937 668 970 foedera.
930 941 1174 974 Transcendens
1198 952 1346 983 superna.

161 997 220 1029 8a.
245 995 364 1027 Lilium
385 995 529 1035 pudoris,
848 996 910 1030 8b.
934 997 990 1030 Sui
1015 998 1167 1038 genitoris

243 1043 394 1082 Myrthus
420 1045 452 1074 et
476 1042 615 1084 honoriS,
928 1045 1037 1077 Mater
1062 1048 1093 1077 et
1117 1047 1267 1086 pastoris.

162 1101 217 1133 9a.
246 1100 314 1138 Qua
337 1108 441 1139 neque
463 1099 577 1131 melior
848 1101 906 1133 9b.
930 1103 998 1142 Qua
1021 1103 1110 1135 nulla
1133 1104 1224 1143 prior

243 1147 355 1187 Neque
377 1145 503 1178 felicior
929 1149 1042 1190 Neque
1066 1151 1227 1190 posterior

288 1194 407 1226 Mulier
430 1194 575 1235 habetur,
976 1198 1077 1230 Partu
1101 1198 1239 1232 videtur.

136 1252 216 1285 lOa.
244 1251 341 1291 Origo
367 1251 561 1293 clementiae,
824 1253 907 1286 10b.
931 1253 1100 1294 Speculum
1125 1256 1278 1295 justitiae,

243 1298 369 1330 Titulus
389 1298 590 1341 prudentiae,
931 1300 1045 1344 [Sedes
1070 1300 1274 1347 sapientiae]

137 1356 216 1388 11a.
243 1355 330 1386 Fons
353 1355 481 1387 virtutis
505 1356 631 1397 nimiae,
823 1357 865 1390 11
874 1357 904 1389 b.
927 1359 991 1391 Per
1015 1368 1109 1399 quam
1132 1362 1229 1399 porta
1252 1361 1372 1401 gloriae

241 1402 353 1434 Dulcis
377 1405 408 1433 et
430 1403 602 1443 diligenda.
928 1406 1006 1438 Fuit
1028 1407 1213 1446 aperienda.

136 1461 217 1492 122.
246 1459 309 1491 Per
332 1468 425 1499 quam
449 1459 560 1493 inclita
823 1463 906 1497 121).
927 1464 991 1496 Per
1016 1473 1110 1504 quam
1135 1465 1264 1497 reddita

240 1506 312 1538 Lux
337 1509 386 1538 est
408 1507 503 1548 edita,
928 1511 1022 1543 Vitae
1044 1513 1197 1551 praemia.

135 1565 177 1598 13
186 1573 214 1597 a.
242 1564 346 1603 Super
371 1563 482 1595 choros
506 1565 691 1605 angolorum
823 1567 905 1601 131).
924 1568 1042 1609 Maria,
1069 1569 1153 1610 regis
1179 1570 1338 1602 coelorum

237 1612 364 1651 Regnat
388 1612 527 1643 exaltata
928 1615 1076 1648 Genitrix
1096 1616 1201 1658 beata,

584 1671 638 1702 14.
665 1671 767 1703 Nimis
791 1672 956 1713 honorata,

664 1719 772 1751 Mater
796 1722 829 1751 et
853 1720 956 1753 beata.

206 1793 295 1821 Gral.
322 1801 375 1820 ins.
398 1793 427 1821 S.
447 1794 596 1821 Martialis
616 1794 819 1823 Lemovicens.
851 1803 928 1823 saec.
955 1794 999 1824 11.
1021 1796 1091 1824 Cod.
1111 1798 1273 1826 Parisiens.
1294 1797 1358 1827 903.
1380 1797 1446 1827 add.

129 1832 162 1858 111
181 1833 314 1868 margine
336 1839 412 1859 saec.
434 1829 510 1859 ²²l13.
552 1832 635 1860 Olme
654 1833 724 1861 Mel.
746 1849 784 1853 —-
798 1831 852 1868 8a,
874 1832 892 1861 2
912 1834 995 1861 Mitis
1017 1837 1047 1862 et
1065 1835 1194 1864 honoris.
1215 1851 1253 1855 -—-
1274 1835 1342 1871 lOb,
1364 1835 1382 1864 2
1404 1845 1447 1865 er-

129 1870 230 1904 g'anzt·
260 1878 290 1897 es
310 1869 384 1897 fehlt
405 1878 444 1897 an
464 1870 559 1898 dieser
574 1870 667 1899 Stelle
687 1872 833 1899 entweder
853 1874 918 1900 eine
938 1872 1036 1908 Zefle,
1065 1874 1135 1902 oder
1153 1883 1240 1902 wenn
1263 1874 1339 1911 lob,
1369 1874 1384 1904 1
1409 1884 1446 1903 zu.

131 1906 197 1935 1()a
216 1916 253 1934 zu
273 1908 385 1941 ziehen,
406 1908 455 1936 die
473 1917 567 1944 ganze
586 1909 835 1946 Paiallelstrophe
858 1909 928 1939 lob.
948 1926 987 1930 —
1010 1910 1052 1946 14,
1076 1910 1090 1939 1
1112 1912 1208 1940 Vivis.

554 2029 599 2061 69.
640 2030 675 2061 In
694 2030 913 2071 Assumptione
933 2031 1021 2063 BMV.

131 2115 188 2150 la.
215 2116 315 2148 Sacra
337 2117 455 2149 mundo
480 2116 582 2158 fulget
608 2118 686 2157 dies,
815 2119 875 2152 1b.
900 2119 1102 2152 Gaudeamus
1127 2121 1189 2153 hac
1212 2122 1247 2154 in
1274 2123 1327 2155 die

213 2163 312 2201 Quam
337 2165 477 2196 sacravit
501 2174 594 2196 sacra
618 2166 706 2205 quies
899 2166 1164 2200 Commendantes
1189 2179 1247 2201 nos
1272 2170 1408 2212 Mariae,

261 2209 433 2242 Genitricis
457 2211 596 2252 Domini,
945 2214 1112 2247 Gloriosae
1135 2216 1263 2257 virgini.

129 2267 188 2300 2a.
213 2265 291 2298 Dies
315 2267 386 2309 ista,
415 2268 482 2300 dies
507 2268 602 2308 laeta,
814 2269 874 2302 2b.
895 2270 989 2302 Felix
1013 2275 1117 2304 mater
1140 2273 1173 2304 111
1199 2282 1338 2314 egressu,

211 2313 279 2352 Qua
303 2314 461 2346 coelorum
484 2315 519 2346 111
542 2318 667 2347 secreta
896 2318 976 2358 Quia
1000 2328 1058 2351 suo
1082 2322 1115 2351 te
1140 2328 1290 2352 consessu

260 2360 361 2392 Natus
385 2364 520 2393 matrem
544 2363 669 2402 recipit,
945 2365 1048 2398 Natus
1075 2367 1204 2407 dignam
1228 2366 1339 2401 efficit.
