1653 2632
649 111 904 146 —118—

126 213 181 245 5a.
208 210 292 242 Dum
319 209 440 242 carceri
462 208 672 248 mancipatur,
810 206 870 240 5b.
890 208 981 240 Haec
1005 215 1024 237 a
1048 205 1150 244 patris
1176 213 1251 236 ense
1275 207 1363 236 secta

208 258 310 298 Plaga
334 265 476 297 quaeque
499 256 574 288 hinc
598 258 728 287 sanatur
890 254 945 286 Ad
969 252 1143 284 thalamum
1166 252 1274 291 sponsi
1298 253 1401 292 vecta,

253 305 316 338 Dei
340 313 399 345 per
422 303 611 345 antidotum,
960 300 1042 333 Inde
1067 299 1238 338 complevit
1260 301 1377 339 votum,

127 363 183 395 6a.
209 362 386 402 Flagitans,
417 364 453 392 ut
476 368 583 392 omnes
609 360 656 391 sui
810 357 868 391 6b.
890 357 937 389 Te
961 355 1117 396 gustando
1138 363 1260 386 mecum
1284 354 1359 395 frui,

208 409 282 441 Nou
305 411 455 449 aptentur
478 407 589 448 poenis
614 407 660 438 lui
892 405 931 437 In
955 403 1019 436 fine
1043 403 1128 435 vitae
1148 402 1263 434 instrui

255 456 406 488 Viventes
430 456 463 487 in
488 454 624 492 saeculo,
964 450 1104 483 Salutari
1127 450 1252 489 poculo.

128 515 183 546 7a.
208 512 305 552 Ergo,
331 512 421 551 virgo
448 511 543 550 digne
567 513 652 549 nata,
812 508 868 540 7b.
884 507 930 540 Ut
948 507 1118 548 jungamur
1142 515 1201 546 per
1224 509 1258 537 te
1279 507 1374 546 justis

211 559 311 591 Nobis
336 559 370 590 in
394 559 533 590 solamen
561 557 645 598 data,
892 554 1083 587 Habitantes
1109 563 1193 585 nunc
1215 554 1247 585 in
1273 554 1344 585 istis

257 606 325 637 Fac
347 614 405 637 nos
429 606 478 636 ire
504 604 630 643 coelice,
941 602 1097 635 Catervae
1120 602 1291 642 angelicae.

200 672 284 699 Miss.
301 678 354 697 ms.
367 670 460 705 Capit.
474 668 658 696 Cracoviens.
673 666 690 694 2
705 670 774 696 anni
789 666 872 696 1438.
886 684 924 688 -—
939 668 998 695 Die
1010 668 1064 696 Hs.
1079 667 1220 695 wimmelt
1230 676 1291 695 von
1301 666 1437 695 Schreib-

125 710 250 738 fehlern:
281 707 332 742 la,
353 706 371 735 2
400 708 552 735 illustrans
578 707 674 742 justis.
699 722 738 726 —
764 705 812 742 la,
833 704 851 734 3
881 705 1029 742 suffragia.
1054 722 1090 725 —
1117 703 1167 739 2b,
1190 703 1205 733 1
1236 705 1293 732 fuit
1320 707 1373 733 ira.
1399 718 1438 723 ——

126 746 177 782 310,
200 746 215 775 1
238 748 308 775 Fuit
326 748 415 781 prius.
439 760 477 764 —
498 744 548 780 612,
570 744 585 772 1
609 746 658 772 Me
676 744 821 780 gustando
842 747 945 772 tecum.

556 837 618 869 152.
658 837 700 869 De
722 837 833 868 sancta
851 836 1003 867 Barbara.

130 911 185 943 la.
214 909 332 942 Christi
354 909 435 941 mira
459 909 508 941 vis
532 909 659 948 amoris,
815 907 873 941 1b.
896 906 964 945 Qua
988 905 1110 938 referta
1134 909 1182 937 est
1207 906 1308 938 electa

210 957 403 989 Admirandi
428 959 477 988 est
502 956 640 988 dulcoris
895 954 1049 996 Barbara,
1075 962 1135 993 pro
1160 952 1225 985 fide
1248 956 1338 986 recta

260 1005 280 1038 J
283 1013 337 1036 esu
365 1002 485 1036 Christi
509 1004 623 1044 gratia,
944 1001 1081 1041 Superat
1105 1001 1269 1040 martyria.

129 1063 186 1094 2a.
213 1061 324 1092 Trium
348 1064 424 1101 typo
450 1059 660 1092 fenestrarum
815 1058 873 1092 ab.
898 1058 1013 1090 Nervis
1038 1060 1131 1098 pater
1156 1058 1239 1090 hanc
1263 1061 1425 1089 taurorum

210 1108 330 1140 Mentis
353 1108 460 1139 lumen
485 1108 589 1148 signat
613 1108 731 1139 clarum
899 1105 1019 1147 Caedit,
1028 1105 1441 1146 plagashinomembrorum

259 1156 371 1187 Turris
397 1155 553 1195 aedificio,
943 1152 1105 1185 Perfricat
1127 1153 1239 1185 cilicio.

130 1215 185 1247 32..
210 1213 340 1246 Claudit
365 1221 474 1244 carcer
497 1213 544 1244 sic
568 1210 731 1251 afflictam,
816 1210 873 1244 3b.
898 1211 981 1243 Suae
1005 1218 1141 1249 sponsae
1167 1210 1345 1249 miseretur,

212 1260 276 1292 Sed
300 1269 364 1292 non
388 1260 488 1292 solam
512 1260 559 1291 sic
582 1260 726 1291 relictam
896 1258 1019 1290 Laesae
1042 1258 1209 1298 plagisque
1233 1258 1388 1299 medetur,

259 1307 330 1339 Rex
355 1307 488 1339 coelests
515 1307 631 1345 visitat,
945 1307 1075 1346 Pugnae
1100 1305 1183 1336 vires
1208 1306 1351 1338 suscitat.

130 1366 186 1397 4a.
214 1363 328 1396 Sanam
353 1366 446 1403 pater
468 1364 552 1395 hanc
575 1364 718 1403 miratur,
814 1363 873 1397 4b.
895 1363 998 1396 Laeta
1023 1362 1182 1394 Christum
1209 1360 1386 1401 confitetur,

213 1411 384 1451 Judicique
405 1414 627 1451 praesentatur
896 1410 1011 1443 Falsos
1038 1410 1114 1441 deos
1138 1418 1197 1441 nec
1221 1411 1349 1441 veretur

259 1458 397 1491 Evoluta
423 1467 561 1499 carcere,
944 1458 1057 1491 Palam
1080 1457 1282 1489 maledicere.

131 1518 186 1550 5a.
212 1516 309 1548 Nuda
333 1524 406 1548 mox
435 1516 622 1556 exagitatur,
817 1515 876 1549 5b.
899 1514 1060 1547 Christum
1072 1514 1133 1546 sibi
1146 1515 1442 1554 tuncpraesentem,

213 1564 296 1597 Usta
317 1561 388 1595 face
412 1563 572 1595 laceratur
898 1562 1016 1594 Albam
1041 1563 1155 1594 stolam
1182 1560 1389 1600 deferentem,

262 1611 381 1643 Latera
405 1613 438 1642 et
460 1610 569 1650 ubera,
948 1609 1113 1650 Conspicit
1135 1618 1195 1649 per
1220 1618 1304 1641 aera.

134 1670 191 1702 6a.
216 1667 344 1707 Martyr
368 1676 461 1699 sacra
486 1667 663 1699 decollatur
818 1668 876 1702 6b.
899 1666 993 1699 Hanc
1016 1667 1156 1699 invitans
1182 1666 1398 1707 praestolatur

215 1716 401 1757 lmpetrato,
429 1715 514 1755 quod
537 1719 698 1755 precatur,
901 1714 1056 1755 Christus,
1079 1723 1229 1754 sponsam
1246 1714 1446 1754 amplexatur

264 1763 328 1795 Pro
353 1763 418 1794 suis
445 1762 628 1795 cultoribus.
946 1763 1117 1802 Apparens
1141 1762 1175 1793 in
1200 1761 1348 1796 nubibus

136 1822 154 1853 7
164 1830 193 1852 a.
219 1819 325 1860 Digna
347 1820 443 1851 laude
465 1820 660 1864 tn'umphali,
822 1820 879 1853 71).
900 1821 969 1853 Fac
991 1822 1028 1851 ut
1051 1828 1172 1851 memor
1197 1819 1238 1851 sit
1260 1818 1409 1859 promissi

216 1867 284 1899 Nos
310 1877 329 1899 a
353 1869 455 1899 morte
479 1868 657 1910 gehennali,
904 1868 1003 1901 Fides
1028 1868 1083 1907 pia
1107 1868 1185 1900 Jesu
1211 1866 1330 1900 Christi

267 1915 363 1956 Virgo
387 1915 514 1958 victrix,
539 1915 652 1956 libera,
952 1915 1072 1947 Nostra
1097 1924 1212 1946 sanans
1237 1915 1378 1947 vulnera.

592 1975 624 2007 8.
649 1974 753 2005 Amen
781 1973 890 2005 dicant
915 1973 1029 2006 omnia.

211 2038 294 2065 Miss.
323 2047 376 2066 ms.
401 2039 607 2075 Margarethae
634 2038 789 2066 Scheiffart
817 2038 852 2065 de
879 2037 1000 2065 Merode
1033 2045 1108 2064 saec.
1138 2035 1182 2064 15.
1210 2036 1280 2064 Cod.
1310 2037 1361 2064 lat.
1393 2034 1450 2063 259

135 2077 212 2104 Mus.
239 2077 419 2112 Hungarice.
444 2092 481 2096 —-
505 2078 590 2105 Mel.:
616 2077 767 2112 Majestati
792 2078 1004 2104 sacrosanctae.
1045 2076 1105 2102 Der
1127 2075 1216 2102 Vers:
1238 2075 1333 2102 Amen
1351 2075 1451 2101 dicant

136 2116 252 2180 3333&
264 2114 436 2179 {igderholt
461 2115 509 2143 <lie
527 2115 596 2143 Mel.
623 2123 682 2142 von
701 2115 812 2142 Nostra
836 2122 943 2141 sanans
963 2113 1095 2141 vulnera.
1117 2129 1154 2133 ——
1174 2110 1228 2148 31),
1251 2111 1268 2140 9
1289 2113 1451 2149 plagasque

526 2221 587 2253 153.
619 2222 663 2253 De
685 2221 791 2252 sancto
810 2219 1059 2251 Bartholomaeo.

143 2297 197 2329 la.
224 2295 347 2328 Psallat
371 2294 474 2325 clerus
825 2289 884 2322 lb.
906 2289 967 2321 Vir
989 2290 1131 2321 sincerus

222 2343 260 2375 In
285 2342 413 2373 laudem
436 2339 673 2372 Bartholomaei
908 2336 972 2368 Dat
995 2337 1086 2369 Indis
1111 2344 1273 2368 accessum
1297 2335 1367 2375 spei

272 2389 334 2421 Die
357 2388 430 2426 isto,
954 2383 1045 2416 Duce
1071 2383 1206 2416 Christo.
