1653 2632
675 126 723 131 --
773 107 842 143 152
890 126 935 133 -—

574 198 642 230 203.
682 197 726 230 De
745 200 853 231 saneto
874 199 1054 231 Eustachio.

158 261 214 294 111.
242 260 346 293 Corde
370 269 460 300 puro,
486 261 592 291 mente
615 260 734 293 munda

239 307 425 340 Moduletur
445 316 507 339 vox
528 307 670 346 J'ucunda

286 354 382 387 Lucis
407 354 499 394 hujus
523 354 650 395 gaudia,

157 414 212 445 2a.
239 412 348 452 Ignem
373 412 501 443 vincens
527 414 560 442 et
582 412 707 443 leonem

242 458 360 491 Christi
384 461 506 497 martyr
529 460 603 498 post
627 466 758 498 agonem

286 506 329 538 Et
355 505 522 537 decursum
547 505 695 545 stadium,

157 565 212 596 311.
241 562 379 595 Vanitati
405 562 531 593 deditus

285 609 370 641 Dum
398 609 528 640 aberrat
550 609 686 650 nescius,

241 656 398 688 Invitatur
423 656 554 688 coelitus

285 704 337 736 Ad
364 704 460 735 fidem
484 703 687 744 Eustachius,

157 763 212 795 4a.
241 761 303 793 Hie
324 763 464 792 tentatus
490 761 630 800 graviter

286 808 364 840 Fert
390 808 569 848 exemplum
593 809 741 848 posteris,

238 856 320 887 Dum
350 856 466 888 amissa
490 858 613 895 pariter

286 903 395 936 Uxore
421 911 490 934 cum
515 903 625 935 liberis

156 961 213 993 5a.
240 960 320 992 Nam
346 963 498 1000 procurat
521 960 584 992 Dei
609 969 694 1001 cura,

243 1007 290 1040 Ut
312 1007 462 1047 propinet
482 1008 516 1039 in
541 1016 689 1040 mensura

287 1054 503 1087 Lacrimarum
531 1056 671 1096 calicem,

157 1113 212 1145 6a.
240 1112 317 1144 Viro
339 1112 425 1151 justo
450 1115 521 1152 post
547 1112 688 1145 laborem

240 1159 341 1191 Natos
364 1159 473 1191 reddit
497 1162 529 1191 et
552 1169 684 1192 uxorem

238 1206 281 1238 Et
306 1207 339 1238 in
363 1209 480 1238 statum
505 1207 589 1239 hune
612 1208 752 1247 priorem

286 1254 336 1285 Ae
360 1252 520 1286 fortunam
548 1255 650 1296 erigit.

159 1312 214 1343 7a.
241 1310 329 1351 Ergo
355 1310 480 1343 Christo
508 1312 716 1355 convicturus,

241 1358 324 1390 Fide
349 1357 452 1397 fortis,
478 1368 536 1399 spe
559 1368 698 1399 securus,

286 1405 405 1438 Bovem
430 1406 590 1446 ingressus
615 1416 747 1439 aeneum

285 1454 446 1493 Vaporem
471 1454 595 1493 spernit
617 1455 752 1495 igneum.

157 1513 214 1544 8a.
239 1510 415 1550 Tamquam
439 1520 550 1542 aurum
574 1521 594 1543 a
618 1510 747 1544 fornace

285 1558 426 1590 Mundus
452 1558 518 1590 exit
542 1559 683 1598 spiritus,

238 1605 340 1637 Locus
366 1606 432 1645 ejus
458 1605 493 1637 fit
518 1606 551 1638 in
576 1615 664 1647 paee,

288 1652 385 1692 Quem
415 1662 477 1685 non
502 1653 612 1686 turbat
635 1655 780 1695 gemitus,

155 1712 213 1743 9a.
239 1710 369 1750 Martyr
395 1710 496 1742 duleis
522 1714 553 1742 et
577 1711 753 1751 praeclare,

237 1758 320 1798 Quos
345 1757 397 1789 hic
422 1758 511 1791 vides
536 1758 694 1795 laborare,

286 1805 363 1837 Tuis
385 1806 463 1845 juva
486 1806 646 1846 precibus,

843 260 901 293 1b.
923 259 994 291 Lux
1020 261 1068 290 est
1090 260 1190 298 grata,
1216 258 1272 291 lux
1295 259 1440 300 insignis,

922 306 960 338 In
986 315 1047 345 qua
1073 305 1170 346 digna
1192 305 1261 337 Deo
1288 306 1391 346 dignis

972 351 1186 386 Conseruntur
1209 353 1363 392 praemia.

842 409 900 442 212.
921 409 1014 441 Natis
1037 410 1165 449 junctus
1191 411 1223 440 et
1245 409 1338 441 uxori

923 456 995 488 Hae
1017 457 1052 488 in
1077 457 1130 488 die
1150 457 1257 496 jussus
1281 457 1362 488 mori

971 504 1064 535 Vitae
1089 504 1174 543 cepit
1199 504 1354 538 bravium.

841 560 899 594 ab.
919 561 970 593 Ne
994 561 1120 601 gentilis
1145 560 1296 601 perderet

969 608 1051 640 Boni
1075 607 1213 640 fructum
1238 608 1378 647 seminis,

926 657 1004 689 Cum
1025 656 1092 696 J'am
1119 658 1205 688 caste
1227 656 1360 696 viveret,

973 704 1081 736 Omnis
1108 712 1222 744 expers
1249 704 1400 736 criminis.

841 760 901 794 41).
924 760 1038 793 Fidem
1062 770 1176 800 puram
1199 761 1317 792 retinet

971 808 1040 840 Nec
1065 808 1209 840 adversis
1234 807 1403 848 frangitur,

923 856 962 888 In
987 864 1044 895 spe
1070 859 1183 887 cuneta
1207 856 1341 887 sustinet

971 903 1083 943 Neque
1107 912 1240 943 sperans
1265 901 1399 935 fallitur.

843 960 902 994 5b.
924 960 996 992 Non
1021 960 1121 992 oblita
1144 960 1289 992 misereri

924 1007 994 1039 Nee
1016 1008 1050 1039 in
1074 1008 1124 1039 ira
1150 1007 1306 1039 contineri

971 1055 1097 1088 Justum
1122 1064 1219 1095 passa
1239 1055 1391 1094 Judieem.

843 1112 901 1146 6b.
925 1112 988 1145 Sed
1013 1121 1076 1144 11011
1101 1120 1218 1152 parens
1243 1113 1328 1152 regis
1352 1113 1430 1152 irae,

923 1159 1008 1192 Dum
1029 1159 1171 1203 jubetur,
1198 1162 1252 1191 aut
1277 1160 1384 1200 pen're

923 1208 989 1239 Aut
1015 1217 1034 1239 a
1055 1206 1121 1240 fide
1145 1207 1281 1247 resilire,

970 1255 1057 1287 Mori
1080 1255 1181 1295 magis
1207 1255 1305 1295 eligit.

843 1311 899 1344 7b.
924 1312 1057 1352 Corpus,
1084 1312 1178 1352 quale
1200 1312 1291 1352 prius
1317 1314 1395 1352 erat,

923 1360 1148 1399 Incorruptum
1171 1362 1357 1399 perseverat

973 1406 1042 1438 Nee
1065 1407 1099 1438 111
1124 1408 1274 1438 extremis
1300 1407 1434 1439 crinium

973 1454 1065 1486 Vires
1091 1457 1250 1494 apparent
1272 1455 1404 1496 ignium.

842 1513 899 1544 Sa.
926 1511 1041 1543 Nullus
1067 1512 1151 1543 enim
1174 1511 1222 1543 ibi
1245 1512 1360 1551 luctus,

973 1558 1088 1591 Nullus
1113 1559 1209 1591 timor
1233 1559 1382 1599 hostium,

925 1606 989 1638 Sed
1013 1606 1158 1638 laborum
1185 1607 1287 1639 duleis
1313 1606 1437 1639 fruetus

972 1654 1017 1686 Et
1039 1663 1181 1694 perenne
1205 1655 1365 1695 gaudium.

842 1711 901 1744 9b.
924 1710 970 1744 Ut
992 1719 1135 1743 amarum
1159 1711 1271 1743 mundi
1294 1721 1384 1744 mare

923 1759 978 1791 Sic
1001 1759 1158 1799 possimus
1179 1762 1388 1800 transmeare,

973 1806 1023 1838 Ne
1047 1815 1228 1847 mergamur
1251 1805 1411 1842 fluctibus.

229 1867 277 1894 Mi:
291 1876 312 1895 5.
334 1876 386 1895 ms.
403 1867 433 1896 S.
448 1868 588 1902 Dionysii
608 1876 682 1896 saec.
702 1866 746 1895 14.
769 1868 839 1896 Cod.
855 1868 1016 1896 Parisiens.
1039 1866 1121 1897 1107.
1136 1870 1191 1896 mit
1202 1851 1272 1896 Mes.
1286 1869 1321 1897 A.
1335 1884 1374 1888 —
1387 1870 1470 1897 Miss.

153 1915 206 1934 ms.
227 1905 394 1934 Parisiense
422 1914 497 1934 saec.
530 1905 572 1934 14.
595 1906 664 1934 Cod.
685 1907 829 1934 Mazarin.
858 1904 923 1934 422.
942 1904 1029 1941 (732.)
1048 1907 1083 1934 B.
1104 1921 1140 1925 —
1160 1908 1244 1935 Miss.
1265 1916 1318 1935 ms.
1339 1906 1471 1935 Samma-

152 1944 320 1980 glorianum
340 1952 415 1972 saec.
439 1943 481 1971 15.
504 1944 573 1972 Cod.
593 1944 752 1972 Parisiens.
773 1942 897 1980 (Arsen.)
917 1942 981 1972 623.
1003 1944 1035 1972 O.
1050 1960 1086 1964 —
1100 1945 1217 1973 Prosar.
1239 1954 1292 1973 ms.
1306 1946 1471 1974 Parisiense

154 1990 231 2010 saec.
253 1980 297 2009 15.
314 1981 383 2009 Cod.
397 1982 600 2018 Andegavens.
622 1981 667 2010 91.
681 1983 718 2010 D.
735 1997 774 2001 -—
786 1980 837 2018 2b,
858 1980 877 2009 2
897 1984 979 2011 visus
995 1983 1071 2011 mori
1085 1983 1118 2010 C.
1138 1998 1170 2002 —
1184 1982 1235 2017 52,
1258 1981 1276 2010 2
1290 1987 1324 2011 ut
1336 1986 1473 2021 propium

153 2021 186 2047 in
207 2020 240 2053 (³3
265 2028 404 2048 mansma
423 2020 457 2048 A.
479 2034 515 2039 —·
537 2019 590 2053 5b,
614 2019 628 2048 1
649 2021 726 2048 Nam
747 2020 840 2048 oblita
859 2020 892 2048 Ο.

575 2093 644 2124 204.
684 2093 728 2124 De
748 2093 854 2124 sancto
874 2093 1054 2125 Eustachio.

555 2150 587 2182 1.
614 2150 730 2183 Omnes
756 2148 882 2181 Christo
904 2148 1076 2188 jubilemus

615 2199 664 2229 Ac
687 2196 811 2236 pariter
836 2196 1031 2228 celebremus

658 2244 841 2283 Martyrum
865 2243 1028 2283 solemnia,

155 2301 211 2332 2a.
241 2299 353 2339 Corde,
379 2302 484 2332 mente
508 2300 713 2340 suspiremus,

238 2346 324 2379 Voce
349 2347 457 2387 lingua
481 2356 698 2387 personemuS,

287 2394 385 2433 Quam
410 2394 473 2425 sint
498 2403 575 2426 vera
599 2394 724 2434 gaudia.

843 2298 903 2332 210.
926 2299 1014 2338 Quae
1038 2300 1094 2331 dat
1112 2300 1258 2333 Christus
1279 2301 1312 2331 in
1328 2303 1471 2340 praemio

926 2346 996 2387 His,
1023 2347 1078 2386 qui
1100 2346 1200 2379 fortes
1224 2348 1259 2378 in
1283 2348 1406 2387 proelio

973 2394 1127 2426 Vicerunt
1150 2395 1317 2434 supplicia.
