1653 2632
681 133 931 169 —126-

572 249 633 281 163.
672 247 716 279 De
737 245 844 277 sancto
863 240 1056 275 Bernhardo.

188 329 243 361 la.
270 325 375 364 Salve,
402 324 513 356 doctor
537 318 691 356 veritatis,

267 372 391 406 Mundo
415 368 594 410 propinasti
620 364 718 407 gratis

318 422 441 459 Aquam
466 414 651 456 sapientiae,

189 481 246 512 2a.
272 477 409 509 Tantum
430 477 554 513 patrem
573 467 788 506 Claraevallis‚

271 524 402 556 Sacrum
429 521 540 553 ducem
564 517 645 549 recti
670 515 759 547 callis

322 568 489 602 Collaudat
514 564 657 604 ecclesia,

192 632 211 663 3
222 639 249 661 a.
276 628 349 660 Dux
357 623 544 658 Bernhardc
556 620 791 658 monachorum,

277 675 403 707 Summo
425 671 492 711 regi
516 678 612 709 paras
636 667 762 699 thorum

321 720 440 753 Mentis
464 715 712 759 pulchritudine,

195 783 251 814 42.
278 780 328 812 Tu
352 777 423 817 pius
450 778 481 807 et
504 773 641 813 humilis,

278 825 416 859 Pudicus
441 821 586 855 amabilis

325 871 423 904 Verbi
447 871 529 902 nites
553 867 655 900 radio.

198 934 254 966 5a.
279 930 333 962 Ad
357 928 484 960 laudem
509 923 655 957 altissimi

279 978 323 1010 Et
347 976 481 1008 salutem
504 971 642 1012 proximi

328 1026 358 1056 A
382 1025 469 1055 recto
495 1028 558 1052 non
585 1018 703 1058 devias,

199 1085 255 1116 6a.
281 1081 330 1113 Tu
357 1080 452 1112 decus
483 1075 659 1109 devotionis

280 1128 325 1161 Et
348 1126 408 1159 fios
434 1122 716 1163 contemplationis,

331 1174 500 1206 Lustrator
526 1170 718 1209 coelestium,

203 1236 257 1268 7a.
284 1233 334 1265 Tu
358 1231 461 1263 carnis
487 1228 639 1261 abhorres
666 1225 795 1263 crimen,

289 1280 455 1312 Gustatum
479 1276 583 1308 nescis
608 1272 791 1314 sanguinem

336 1326 516 1365 Absorptus
542 1333 561 1355 a
584 1322 709 1362 spiritu,

207 1388 262 1420 8a.
289 1382 495 1416 Verecundus
519 1382 555 1411 ut
577 1378 695 1418 puella,

288 1432 442 1465 Libenter
465 1435 595 1459 manens
619 1426 653 1457 in
679 1423 770 1462 cella,

335 1478 514 1511 Observans
540 1473 709 1512 silentium,

208 1539 264 1571 θα.
291 1536 346 1568 Sol
368 1535 445 1566 luna
468 1531 604 1564 lucidior

337 1583 382 1615 Et
405 1582 481 1613 luna
505 1578 673 1615 sideribus,

291 1631 344 1664 Sic
367 1627 573 1662 Bernhardus
599 1625 714 1657 clarior

338 1678 400 1710 Est
425 1672 723 1708 Glarevallensibus.

298 1735 392 1768 Salve
416 1735 508 1773 pater
532 1731 596 1772 pie,
623 1728 743 1762 Christi

295 1782 355 1822 Qui
378 1781 497 1813 habere
520 1777 665 1810 meruisti

342 1829 404 1862 Dei
427 1827 566 1860 infusam
590 1824 735 1866 gratiam,

297 1888 321 1920 Ο
347 1884 545 1924 Bernharde,
572 1891 627 1915 vas
651 1880 794 1921 pudoris,

297 1935 387 1968 Mala
410 1935 520 1965 nostra
543 1930 630 1971 pelle
653 1928 743 1966 foris,

298 1982 493 2022 Angelorum
514 1980 613 2019 junge
638 1976 742 2008 choris

347 2029 512 2068 Subjectos
540 2023 723 2058 discrimini.

299 2086 397 2126 Virgo
421 2087 524 2116 mater
548 2081 639 2114 verbi
662 2080 733 2120 Dei,

300 2133 532 2165 Fulcimentum
556 2131 685 2161 nostrae
708 2126 787 2167 spei,

300 2182 369 2214 Fac
392 2189 449 2212 nos
475 2177 606 2211 obedire
632 2176 671 2216 ei,

301 2228 352 2260 Ne
376 2227 574 2260 inveniamur
598 2223 646 2255 rei

349 2275 440 2307 Hora
460 2273 571 2305 mortis
594 2277 737 2311 asperae.

190 1738 270 1771 loa.

190 1890 270 1922 lla.

194 2088 274 2121 12a.

871 312 928 346 lb.
950 310 1075 343 Nomen
1090 311 1178 340 tuum
1195 309 1240 338 est
1252 303 1468 342 Bernhardns7

950 358 1013 390 Via
1033 360 1089 388 tua
1113 354 1203 395 quasi
1224 353 1345 384 nardus

1000 404 1073 436 Vim
1098 402 1195 434 habet
1218 399 1423 432 redolentiae.

872 464 930 497 ab.
955 462 1015 502 Qui
1038 460 1104 493 Deo
1129 458 1262 490 multum
1288 456 1420 488 devotus

955 511 994 542 In
1017 509 1078 540 hac
1101 506 1169 538 vita
1193 503 1282 536 fulsit
1305 506 1391 535 totus

1003 553 1148 596 Spiritali
1176 552 1288 592 gratia.

876 615 932 649 ab.
954 612 1085 647 Peccati
1110 608 1283 643 contemnis
1307 607 1418 644 lutum,

957 662 1002 694 Et
1018 659 1103 700 quod
1119 658 1236 690 mirum
1250 657 1308 695 est,
1325 653 1477 685 virtutum

1004 707 1159 740 Ambulas
1184 705 1216 736 in
1244 701 1389 735 culmine.

877 767 936 801 4b.
960 767 1010 799 Tu
1033 773 1119 796 amas
1143 760 1329 798 ferventius,

959 813 1009 845 Tu
1034 810 1134 843 curris
1162 807 1324 841 decentius

1007 859 1111 898 Hujus
1137 857 1222 888 vitae
1247 853 1360 886 stadio.

881 919 938 952 5b.
960 917 1083 950 Doctor
1106 913 1224 946 mundo
1251 908 1384 942 celebris

964 964 1118 997 Sedentes
1141 961 1176 992 in
1200 957 1340 991 tenebris

1011 1011 1109 1043 Velut
1132 1008 1180 1040 sol
1203 1005 1352 1039 irradias,

883 1071 940 1105 6b.
963 1070 1012 1102 Tu
1034 1065 1196 1107 religionis
1221 1070 1342 1098 norma,

965 1118 1039 1151 Non
1065 1124 1098 1147 es
1123 1113 1243 1153 absque
1266 1109 1328 1142 Dei
1353 1106 1455 1140 forma

1015 1161 1175 1196 Creatoris
1200 1158 1349 1191 omnium.

887 1223 945 1257 7b.
966 1220 1137 1254 Mulierem
1159 1220 1197 1249 ut
1220 1215 1378 1248 sentinam

970 1267 1101 1309 Sper-nis
1125 1266 1208 1297 lecto
1230 1264 1294 1303 jam
1321 1260 1457 1292 vicinam

1018 1314 1135 1347 Salutis
1159 1312 1287 1344 intuitu.

890 1375 948 1408 8b.
971 1373 1119 1406 Sororem
1143 1368 1261 1400 mundo
1287 1366 1471 1404 absorptam

970 1419 1065 1453 Facis
1090 1419 1220 1449 vocatus
1245 1414 1288 1446 ad
1312 1415 1438 1453 portam

1016 1467 1122 1500 Unam
1146 1462 1386 1504 poenitentium.

891 1526 949 1560 9b.
970 1525 1043 1557 Lux
1068 1521 1202 1562 eclipsin
1225 1519 1370 1551 nesciens

1020 1568 1203 1604 Bernhardi
1229 1569 1278 1598 est
1303 1565 1443 1605 claritas,

973 1620 1082 1652 Ardor
1105 1614 1292 1649 indeficiens

1023 1664 1171 1699 Amantis
1201 1665 1249 1694 est
1274 1662 1402 1694 caritas.

872 1725 954 1760 lOb.
977 1724 1091 1764 Liquet
1113 1722 1174 1754 hoc
1198 1720 1261 1751 tuis
1284 1719 1318 1750 in
1344 1717 1462 1756 verbis,

980 1771 1099 1811 Quibus
1125 1777 1218 1801 sanas
1243 1767 1331 1798 velut
1356 1765 1464 1798 herbis

1029 1819 1167 1852 Laesam
1192 1814 1428 1848 conscientiam.

875 1878 958 1913 nb.
983 1876 1072 1909 Coeli
1096 1874 1239 1907 residere
1263 1871 1386 1904 thronis

980 1924 1048 1957 Fac
1071 1926 1108 1955 ut
1129 1926 1236 1953 terrae
1259 1921 1314 1952 det
1340 1917 1458 1950 colonis

981 1972 1128 2004 Thronus
1153 1969 1222 2001 veri
1245 1965 1432 2004 Salomonis,

1028 2018 1127 2059 Virgo
1153 2018 1256 2048 mater
1280 2013 1419 2047 Domini.

878 2078 961 2111 121).
981 2076 1080 2116 Virgo
1105 2074 1169 2106 viri
1192 2080 1289 2113 prece
1312 2070 1396 2108 taliS‚

984 2123 1077 2156 Servi
1099 2122 1147 2153 tui
1172 2119 1332 2161 specialis,

986 2169 1044 2204 Da
1054 2178 1144 2212 spem
1155 2175 1281 2209 pugnae
1292 2162 1505 2203 triumphalis,

984 2217 1178 2258 Tripudiare
1204 2216 1244 2247 de
1267 2212 1370 2250 malis,

1032 2265 1084 2297 Da
1108 2266 1181 2304 post
1203 2263 1336 2293 mortem
1362 2258 1480 2291 vivere.

274 2341 361 2369 Grati.
382 2348 433 2367 ms.
455 2338 623 2367 Sedlicense
644 2343 719 2363 saec.
739 2332 783 2361 15.
805 2341 848 2361 ex.
870 2332 939 2360 Cod.
953 2332 1093 2368 Pragens.
1106 2328 1183 2359 XIII
1196 2327 1221 2354 A
1243 2325 1260 2354 5
1281 2333 1306 2353 e.
1322 2324 1358 2352 A.
1372 2338 1411 2342 —-
1426 2322 1509 2351 Cant.

199 2388 251 2407 ms.
272 2378 504 2414 Vsssegradense
522 2376 549 2403 V
571 2375 593 2402 O
613 2383 629 2402 c
649 2384 666 2408 η
687 2380 763 2401 saec.
786 2370 831 2399 15.
851 2371 884 2398 Β.
904 2385 942 2389 -
961 2368 1012 2403 3a,
1033 2367 1051 2396 3
1070 2369 1165 2395 Miz-ae
1179 2363 1407 2402 pulchritudinis
1425 2362 1458 2389 B.
1474 2376 1509 2380 —

199 2415 254 2452 3b‚
268 2415 286 2445 3
306 2416 469 2444 Ambulans
489 2415 521 2442 B.
538 2428 572 2433 —
587 2411 604 2441 5
614 2420 638 2445 a,
653 2410 671 2440 3
685 2411 805 2438 Armato
819 2417 879 2437 non
893 2409 927 2436 B.
942 2422 978 2427 —
992 2407 1061 2434 Mel.
1075 2417 1114 2427 =
1128 2404 1216 2432 Salve
1231 2404 1324 2430 mater
1337 2400 1511 2429 Salvatoris.
