1653 2632
683 139 943 174 -215—

158 235 214 267 7a.
240 234 291 266 Ibi
313 235 398 276 regis
422 235 540 267 milites

242 282 356 314 summi
380 292 418 315 ac
442 283 614 323 virginales

239 330 401 362 laetantur
425 331 514 362 chori

846 235 903 269 7b.
927 235 1055 268 Laudes
1081 236 1192 275 dignas
1213 235 1385 267 reddentes

928 282 1059 315 vocibus
1087 282 1284 322 supplicibus

924 330 1070 370 regnanti
1095 338 1220 369 semper

529 388 560 421 8.
589 387 715 420 Christo
740 396 798 427 per
823 387 950 419 saecula
976 389 1098 419 cuncta.

237 460 375 496 Sequent.
396 470 449 489 ms.
460 462 580 489 Amesti
600 461 635 489 de
647 462 795 489 Pardubic
815 462 886 489 anni
907 459 991 489 1360.
1011 460 1079 488 Cod.
1092 460 1186 496 Capit.
1200 461 1339 496 Pragens.
1361 469 1383 488 s.
1395 462 1469 497 sign.

158 498 193 526 A.
221 513 259 518 —
284 499 369 527 Miss.
396 508 450 526 ms.
477 499 677 527 Altovadense
704 498 757 527 119
786 508 862 527 saec.
890 498 934 527 15.
963 500 996 527 B.
1022 514 1061 519 —-
1084 499 1167 526 Miss.
1193 507 1246 525 ms.
1274 498 1302 526 S.
1328 499 1473 526 Matthaei

159 538 192 564 in
212 537 347 565 Scharka
367 545 443 565 saec.
466 535 510 565 15.
533 537 602 565 Coa.
622 538 761 572 Pragens.
782 537 838 564 ΧΠ
856 538 883 564 A
904 535 949 564 21.
962 536 992 564 G.
1007 552 1043 555 —
1056 537 1139 564 Miss.
1153 545 1206 563 ms.
1225 536 1317 572 Capit.
1331 537 1470 572 Pragens.

158 575 182 602 1²
207 574 231 602 1.
253 584 329 603 saec.
351 574 395 603 15.
416 576 454 603 D.
475 589 512 595 —
531 576 614 603 Miss.
635 583 689 601 ms.
709 575 858 610 Pragense
877 575 949 602 XIV
968 576 992 603 Β
1018 573 1062 602 17.
1084 582 1159 602 saec.
1189 573 1232 602 15.
1253 575 1290 602 Ε.
1311 589 1348 593 -
1374 574 1424 608 41),
1455 572 1470 601 1

157 613 201 640 Ae
222 614 431 649 pollicentibus
455 613 489 640 B.
511 628 549 632 —
575 612 629 646 4b,
658 612 677 640 4
703 614 865 648 praesentis
894 614 974 640 vitae
999 612 1035 639 E.
1064 627 1095 631 -—
1126 611 1187 645 511,
1217 611 1230 639 1
1256 612 1405 639 Nitentem
1432 612 1470 647 133

159 651 285 678 Mittetis
305 652 404 679 sobrie
424 650 466 685 E3
488 651 640 678 Mittentes
661 651 779 678 sorbere
798 650 833 678 A.
854 667 891 671 —
908 649 960 684 7a,
975 648 993 677 2
1009 652 1139 686 virgines
1154 651 1189 678 D.
1211 666 1248 670 —-
1262 648 1344 684 7b,3
1358 658 1473 685 semper

159 689 233 716 fehlt
251 690 288 717 D.
308 704 346 708 —
365 689 450 716 MeL:
476 688 619 716 Romana.

568 779 635 811 288.
676 778 720 810 De
741 780 851 810 sancta
871 779 1064 819 margareta.

161 841 217 873 ia.
243 840 449 881 Margaretae

246 887 403 920 Canamus
427 887 467 919 ob
495 887 578 919 diem
602 888 687 919 laete

295 935 422 968 Christo
447 935 569 967 laudes.

161 993 218 1024 23..
246 992 328 1024 Oves
353 991 429 1022 hinc
450 991 638 1032 nutriculae,

243 1039 391 1078 Pascens,
420 1038 545 1070 Christo
570 1038 681 1070 sedule

290 1085 489 1117 Famulatur.

162 1144 217 1176 311.
245 1142 344 1181 Quem
371 1142 445 1173 dum
469 1142 558 1181 virgo
584 1142 718 1181 respuit,

244 1189 305 1221 llle
328 1198 447 1228 poenas
476 1189 605 1220 instruit

291 1237 453 1276 Acriores,

161 1294 218 1326 4a.
246 1293 389 1325 Mittitur
413 1293 447 1323 in
473 1301 632 1324 carcerem

246 1340 383 1380 Mai-tyr,
412 1340 546 1371 daemon
571 1341 743 1380 martyrem

295 1388 433 1419 Terrens
459 1387 555 1427 angit.

162 1446 218 1478 5a.
247 1445 333 1477 Crux
359 1443 536 1475 columbam
563 1442 686 1484 detulit,

243 1491 377 1523 Hostem
402 1491 491 1531 virgo
516 1489 655 1530 perculit.

241 1539 286 1571 Et
310 1538 406 1571 fateri
432 1537 585 1578 compulit

290 1587 456 1627 Inquisita.

161 1645 216 1677 6a.
244 1643 342 1683 Ergo,
368 1643 515 1682 Domine,

245 1690 357 1722 Solvas
383 1699 403 1721 a
428 1690 561 1721 crimine

243 1738 307 1770 Per
331 1736 549 1777 Margaretam

293 1793 351 1816 nos
376 1785 541 1825 virginem.

849 839 906 873 lb.
928 839 1018 871 Haec
1043 839 1189 879 despexit

929 886 1014 918 Deos
1038 887 1140 926 patris
1165 894 1224 917 nec
1250 886 1362 918 dilexit

976 933 1092 965 Mundi
1116 932 1257 966 fraudes,

849 990 909 1023 ab.
932 990 1053 1023 Videns
1078 990 1161 1021 hanc
1186 989 1335 1029 Olybrius

931 1038 986 1070 Ad
1011 1045 1150 1068 amorem
1175 1036 1280 1067 ebrius

978 1082 1205 1116 Inflammatur.

850 1140 907 1174 Sb.
928 1140 1037 1172 Vincit
1060 1140 1165 1179 ignem
1190 1139 1381 1179 plumbeum,

935 1187 1053 1227 Picem,
1079 1185 1207 1218 fervens
1233 1187 1335 1219 oleum

977 1234 1022 1266 Et
1045 1237 1192 1267 tortores,

849 1290 908 1325 4b.
933 1290 1038 1323 Glutit
1061 1290 1143 1322 hanc
1167 1290 1318 1321 atrociter

930 1338 1046 1380 Draco,
1073 1346 1166 1377 quem
1190 1337 1342 1368 velociter

983 1386 1084 1418 Gruce
1108 1383 1237 1424 frangit.

851 1442 909 1476 5b.
933 1441 1116 1474 Occidenda
1139 1440 1288 1480 precibus

932 1490 1059 1522 Instans
1083 1497 1142 1528 pro
1168 1487 1366 1527 supplicibus

930 1536 1022 1568 Votis
1048 1539 1097 1568 est
1120 1534 1267 1567 felicibus

980 1584 1153 1616 Exaudita.

851 1642 910 1675 6b.
933 1641 1069 1681 Depelle
1092 1649 1204 1680 nocua,

933 1688 1064 1720 Donans
1089 1686 1232 1727 proficua

932 1735 976 1767 Et
1003 1736 1064 1767 duc
1089 1735 1130 1766 ad
1156 1734 1236 1766 coeli

980 1792 1037 1814 nos
1062 1791 1190 1822 pascua.

196 1840 323 1868 Missale
344 1849 397 1868 ms.
420 1840 637 1868 Cremifanense
658 1837 721 1867 132.
742 1847 817 1867 saec.
841 1837 885 1867 14.
907 1855 944 1859 —
963 1838 1032 1866 Mel.
1057 1838 1200 1866 offenbar:
1225 1836 1441 1865 Laetabundus.

564 1939 631 1971 289.
670 1940 714 1971 De
735 1939 845 1971 sancta
864 1939 1080 1980 margaretha.

161 2004 218 2038 ia.
248 2002 325 2036 Cum
350 2002 480 2034 coelesti
504 2001 686 2033 hierarchia

243 2051 371 2083 Laudet
396 2048 470 2081 festi
495 2049 634 2081 melodia

291 2098 404 2131 Laude
427 2096 532 2129 Deum
557 2097 670 2129 sedula

160 2159 216 2190 2a.
242 2157 282 2189 In
307 2163 415 2188 amore
434 2155 520 2187 vitae
546 2156 663 2194 castae,

246 2204 333 2237 Coeli
356 2211 430 2235 rore
453 2203 517 2234 rite
540 2205 662 2242 pastae,

290 2251 462 2291 Nunquam
487 2250 578 2282 stetit
603 2250 710 2290 dubia,

157 2312 213 2345 3a.
241 2310 303 2342 Est
327 2308 479 2341 ludibriis
504 2307 645 2347 affectus,

241 2358 333 2398 Quod
359 2356 510 2397 Olybrius
535 2354 717 2397 praefectus

288 2406 421 2439 servam
440 2407 535 2445 putat
556 2412 671 2444 emere,

852 2001 912 2035 ib.
935 2000 973 2033 In
997 2002 1134 2041 patrona
1157 2000 1376 2041 Margaretha,

937 2048 1033 2087 Cujus
1059 2048 1141 2080 dona
1165 2057 1228 2080 non
1253 2051 1377 2080 secreta

980 2096 1066 2127 Fide
1089 2096 1197 2127 lucent,
1226 2096 1366 2128 credula.

852 2154 910 2186 2b.
936 2153 1037 2185 Fides
1064 2153 1143 2193 ejus,
1169 2152 1250 2185 fides
1275 2162 1362 2193 sana,

934 2201 1075 2233 Damnat
1089 2201 1210 2241 poenis,
1232 2201 1306 2233 dum
1322 2199 1458 2241 profana

981 2248 1117 2289 Respuit
1142 2249 1306 2281 connubia.

853 2307 910 2341 3b.
936 2306 1081 2340 Christus
1106 2306 1195 2338 illam
1223 2307 1427 2340 commutavit

934 2355 979 2387 Et
1003 2354 1153 2386 ancillam
1176 2354 1327 2387 liberavit

977 2403 1032 2435 Nil
1058 2403 1181 2443 agendo
1207 2405 1335 2436 temere.
