1653 2632
685 131 850 168 -283
901 152 945 156 —

164 228 221 261 3a.
248 228 312 261 Hie
338 231 469 261 catenae
492 230 577 262 mole
600 239 730 270 pressus
852 229 910 263 312.
932 228 996 261 Hic
1019 231 1067 259 est
1090 231 1180 259 vecte
1204 225 1395 268 perforatus

250 276 371 309 Cuncta
394 276 519 317 perfert
542 276 721 310 indefessus
932 276 995 309 Hic
1017 275 1161 307 mordaci
1185 274 1318 314 praebet
1339 274 1424 304 latus

177 360 180 363 ,
295 324 342 356 Ob
369 334 508 357 amorem
530 325 671 366 Domini,
981 322 1203 355 Lacerandum
1227 321 1356 361 pectini.

164 382 223 414 4a.
249 380 314 412 Hic
340 381 532 422 confractus,
558 382 612 414 hie
637 384 794 421 extensus,
852 381 911 414 4b.
928 380 1025 413 Multi
1047 378 1135 419 frixi,
1158 379 1266 418 plures
1292 377 1365 416 assi,

247 427 312 461 Hie
331 429 513 469 distractus,
536 430 590 461 hie
612 437 794 469 suspensus,
934 427 1050 460 Mortis
1075 435 1166 458 omne
1190 434 1286 465 genus
1310 423 1398 464 passi

297 477 361 509 Hie
385 477 552 508 damnatus
575 477 714 516 bestiae3
983 475 1083 507 Vivae
1106 472 1186 506 fiunt
1209 472 1341 504 hostiae.

168 534 224 565 5a.
251 533 370 572 Quibus
394 538 426 565 et
447 543 504 565 nos
529 534 641 565 hostiis
855 531 913 565 5b.
936 531 1013 564 Cum
1036 531 1071 562 in
1094 529 1158 562 fine
1179 532 1356 569 temporum

249 581 427 620 Purgemur
451 590 471 612 a
494 581 591 620 vitiis,
937 578 1102 611 Generalis
1128 585 1295 616 corporum

298 628 348 659 Ne
373 628 484 660 demur
507 627 676 667 supplicio,
983 626 1058 657 Fiet
1081 624 1280 657 resurreetio.

242 692 360 720 Prosar.
383 701 436 720 ms.
459 692 599 720 Gulielmi
618 690 711 719 Lovel
732 692 803 718 anni
823 688 906 718 1572.
929 690 996 718 Cod.
1017 690 1205 717 Ambianens.
1228 686 1292 716 132.

569 764 634 796 386.
673 764 882 796 Plurimortun
901 764 1083 803 Martyrum.

609 827 639 859 1.
664 826 785 858 Laudis
811 826 888 858 odas
913 833 1094 857 resonemus

665 882 743 905 voee
767 873 844 905 satis
871 873 945 912 alta,

170 933 228 965 2a.
257 931 457 964 Celsithrono
482 931 729 972 proclamantes„
858 929 916 962 ab.
936 928 1119 960 Mirabilem
1142 928 1175 959 in
1200 927 1365 967 praeclara

256 979 363 1011 dulcia
940 975 1079 1007 manenti

252 1026 358 1066 prosis
381 1028 562 1066 pneumata.
939 1027 1119 1055 sanctorum
1142 1021 1244 1053 turba.

170 1085 227 1117 31³..
255 1084 313 1123 Qui
342 1083 381 1115 de
406 1091 441 1114 se
465 1081 552 1114 fatur
576 1082 655 1113 talia
859 1080 916 1112 3b.
939 1080 1007 1119 Qua
1030 1081 1117 1110 recto
1144 1087 1236 1109 cursu
1261 1077 1410 1117 gradiens

254 1130 415 1171 scriptura
940 1126 1052 1158 rutilat

254 1181 391 1210 testante
418 1177 542 1209 divina:
941 1175 1121 1205 sanctorum
1148 1174 1284 1211 caterva,

252 1235 322 1258 sum
346 1225 465 1257 veritas
941 1223 1014 1260 post
1033 1220 1153 1251 obitum

254 1276 350 1313 atque
374 1273 441 1305 vita
942 1268 1122 1299 aetheream

254 1330 315 1353 neo
338 1329 402 1352 non
427 1320 549 1359 semita,
942 1315 1011 1347 adit
1036 1315 1165 1347 curiam.

172 1380 229 1412 4a.
255 1378 343 1418 Ergo
367 1386 429 1408 non
455 1379 576 1408 tantam
860 1372 919 1405 4b.
943 1372 1026 1411 Quos
1051 1371 1144 1410 hujus
1169 1372 1299 1409 captant

255 1426 415 1465 talemque
437 1424 522 1455 viam
941 1419 1025 1450 vasti
1050 1421 1184 1458 quatuor

256 1473 345 1513 sequi
370 1472 488 1512 pigeat,
943 1466 1030 1498 orbis
1057 1466 1193 1496 climata.

175 1533 232 1565 5a.
258 1530 304 1562 Et
327 1529 512 1561 conculcata
861 1524 920 1558 510.
941 1523 986 1556 Et
1011 1522 1108 1554 corda
1132 1523 1242 1553 nostra

256 1577 341 1610 omni
364 1576 507 1617 nequitia
942 1571 1061 1602 livione
1087 1570 1216 1609 dempta

256 1625 456 1665 propellatur
479 1631 581 1662 prava
942 1619 1011 1658 ipso
1036 1619 1222 1657 protegente

256 1674 363 1704 mente
387 1671 514 1702 luxuria
942 1665 1023 1697 fides
1048 1665 1213 1704 possideat

258 1719 344 1751 omni
370 1727 440 1749 cum
464 1716 615 1757 nequitia.
943 1721 1016 1753 spes
1041 1712 1134 1743 simul
1159 1720 1197 1742 ae
1222 1711 1348 1744 caritas.

176 1779 232 1811 6a.
257 1776 349 1808 Haeo
372 1774 464 1806 nobis
490 1775 672 1805 sanctorum
698 1772 780 1803 dona
862 1770 919 1803 61).
943 1770 1029 1808 Quae
1051 1777 1188 1800 vernans
1214 1768 1332 1799 virtute
1354 1768 1411 1807 pia

260 1823 404 1855 obtineat
427 1821 531 1861 turba,
944 1815 1084 1848 florescit
1107 1819 1144 1847 ut
1166 1815 1272 1855 palma

177 1884 232 1915 7a.
260 1881 310 1913 Ae
333 1879 422 1911 velut
864 1874 924 1908 7b.
946 1874 1087 1906 Aeterne

261 1928 375 1960 cedrus
401 1925 527 1966 egregia
943 1930 1092 1953 mansura
1120 1920 1264 1960 possidet

259 1976 344 2008 celsa
367 1977 539 2014 penetrans
945 1969 1029 2001 vitae
1053 1968 1204 2008 praemia.

176 2037 233 2070 Sa.
259 2034 346 2074 Quae
372 2031 465 2064 nobis
491 2029 644 2062 concedat
864 2027 922 2061 8b.
946 2026 1004 2059 Cui
1024 2026 1067 2057 sit
1087 2026 1168 2065 laus,
1194 2025 1295 2057 honor

257 2083 370 2114 saneta
392 2079 519 2111 trinitas
946 2077 1040 2114 atque
1064 2073 1166 2113 gloria

259 2132 291 2161 et
314 2128 431 2168 unitas,
945 2121 1114 2161 conspicua

582 2184 613 2216 9.
639 2183 704 2215 Per
728 2184 873 2221 tempora
899 2181 1021 2212 cuncta.

252 2244 343 2278 Trop.
365 2250 420 2269 ms.
438 2239 745 2276 Sammaglorianum?
767 2246 842 2266 saec.
864 2235 897 2264 11
917 2239 946 2264 et
961 2233 1005 2262 12.
1021 2234 1090 2263 Cod.
1105 2235 1265 2262 Parisiens.
1281 2231 1316 2262 13
1325 2231 1389 2262 252.
1403 2234 1439 2261 A.
1454 2248 1492 2253 —

172 2284 257 2314 Miss.
289 2289 342 2309 ms.
369 2278 600 2315 compendiense
626 2286 701 2305 saec.
730 2275 773 2304 14.
803 2275 873 2304 Cod.
896 2274 1056 2302 Parisiens.
1085 2272 1118 2301 17
1130 2271 1195 2300 318.
1217 2273 1250 2301 Β.
1269 2287 1308 2291 -—
1326 2273 1409 2300 Miss.
1436 2281 1490 2300 ms.

174 2320 408 2358 Compendiense
429 2326 504 2346 saec.
527 2315 572 2344 14.
589 2316 659 2344 Cod.
672 2315 832 2343 Parisiens.
856 2313 889 2341 17
902 2311 967 2341 319.
984 2311 1014 2339 G.
1034 2326 1072 2331 -
1095 2310 1118 2347 1,
1140 2310 1158 2338 2
1179 2314 1249 2347 apta
1261 2310 1318 2339 BC.
1339 2326 1377 2330 —
1397 2308 1448 2344 3b,
1474 2308 1492 2338 6

173 2361 249 2389 adiit
266 2357 352 2386 ABG.
375 2372 414 2376 —
433 2354 483 2390 ὄλ,
499 2353 517 2383 3
537 2363 629 2392 parva
649 2354 683 2382 A.
706 2368 745 2373 —
765 2352 816 2389 5a,
837 2351 855 2381 5
876 2353 949 2380 statt
967 2351 1102 2386 nequitia
1119 2349 1272 2377 vielleioht
1291 2351 1434 2385 spurcitia
1453 2358 1492 2376 zu

171 2401 263 2428 lesen.
286 2412 325 2417 —
344 2396 427 2425 Nach
450 2394 507 2423 Str.
527 2394 544 2421 7
552 2395 585 2422 b:
614 2393 796 2421 Celsithrono
824 2392 921 2428 gratia
939 2389 1016 2417 ABG
1040 2389 1116 2416 ohne
1136 2388 1323 2425 Gegenstiiek
1347 2388 1407 2415 und
1433 2388 1490 2416 den

172 2435 429 2472 Zusammenhang
448 2432 688 2462 unterbreehend.
