1653 2632
767 97 980 131 ,7-

220 189 276 225 5a.
301 191 370 231 Qua
397 193 527 226 strinxit
551 194 699 227 miserum
903 193 961 226 5b.
990 192 1129 234 Cumque
1149 193 1217 233 jam
1242 190 1364 225 foribus

298 239 500 281 humerisque
523 242 664 282 propriis
983 241 1147 281 proximus
1173 240 1326 272 ecclesiae

298 287 405 327 posuit
427 291 524 329 atque
547 298 654 322 secum
985 285 1176 332 celeraret4)
1202 290 1268 320 tam
1292 288 1401 319 sancto

298 335 426 368 rediens
450 336 527 369 inde
552 337 676 370 detulit.
987 345 1056 368 cum
1079 334 1176 368 fascis
1201 337 1327 367 sanctus
1353 334 1490 366 honore:

217 1028 273 1060 Za.

215 1302 271 1336 3a.

214 1484 270 1516 4a.

215 1724 272 1756 5a.

657 423 688 455 6.
716 422 851 462 Currite,
879 422 1006 462 currite,

711 470 817 510 inquit
840 469 949 509 abbas,
977 473 1009 501 et
1033 468 1094 500 cito

713 518 827 556 Januas
852 520 1003 556 reserate,

715 565 862 604 quoniam
888 573 926 596 en
946 563 1123 605 Martyrius

715 611 852 642 omnium

717 658 889 698 deportans
913 658 1093 692 Dominum.

754 853 889 883 Britter
909 852 993 883 Teil.

811 945 840 975 1.
868 942 941 982 EJa,

300 1026 400 1059 Sacra
425 1027 594 1071 cantilena,
904 1027 962 1059 2b.
985 1026 1068 1059 Nam
1094 1025 1196 1058 frater
1220 1029 1255 1058 ut
1278 1027 1376 1058 vellet

297 1074 331 1105 in
349 1077 382 1106 te
404 1074 455 1107 bis
480 1075 625 1116 reducta,
982 1075 1113 1114 januam
1138 1074 1328 1114 subintrare,

300 1122 453 1161 deprome
477 1121 637 1155 salutiferi
983 1122 1128 1161 leprosus
1155 1121 1207 1161 qui
1225 1121 1408 1161 putabatur,

300 1169 409 1202 divina
983 1168 1084 1208 ipsius

296 1217 456 1258 languidis
482 1217 616 1250 cantica.
986 1216 1026 1248 de
1050 1216 1131 1248 collo
1157 1216 1274 1250 exsilit.

300 1301 489 1334 Graviorem
513 1302 663 1341 reddens,
902 1302 959 1335 eb.
981 1301 1138 1341 Majestas
1163 1311 1182 1334 o
1208 1301 1303 1342 celsa,

297 1358 368 1381 oum
394 1347 605 1393 desereret5),
632 1347 765 1381 fratrem
986 1349 1087 1382 deitas
1112 1357 1131 1381 0
1155 1349 1312 1390 miranda,

298 1406 392 1438 quam
418 1397 500 1429 collo
525 1397 679 1429 residens.
982 1397 1085 1429 virtus
1110 1397 1269 1437 propitia!

298 1483 358 1522 Qm·
381 1483 415 1515 in
440 1483 548 1523 speeie
901 1481 963 1514 4b.
985 1482 1061 1522 Ipso
1086 1482 1194 1514 sidera

300 1539 460 1571 apparens
484 1530 641 1573 protinus,
985 1532 1135 1561 cernente
1144 1527 1174 1573 ⁶)
1199 1532 1350 1569 penetrat

296 1588 364 1627 Qua
388 1588 574 1628 redemptor
598 1588 717 1620 saeculi
983 1587 1180 1627 Talibusque
1203 1587 1335 1619 vocibus

296 1636 458 1669 videbitur
482 1635 691 1677 Deus-homo,
983 1635 1154 1667 ostendens
1179 1633 1314 1667 fratrum
1340 1643 1488 1667 munera:

298 1722 448 1763 Martyri,
474 1722 624 1763 Martyri,
903 1721 960 1755 5b.
981 1721 1051 1761 Ego
1076 1723 1110 1752 te
1135 1721 1270 1753 coelicos

296 1773 331 1802 tu
352 1778 455 1802 meam
479 1770 647 1810 penuriam
985 1777 1082 1808 super
1103 1768 1235 1800 thronos
1259 1767 1414 1807 residens,

294 1817 378 1849 nihil
402 1817 558 1850 erubuisti
985 1814 1098 1856 frater,
1123 1824 1188 1847 non
1212 1815 1397 1847 erubescam

296 1865 330 1897 in
355 1865 450 1897 terris
476 1868 581 1897 tecum
604 1864 758 1906 positam,
985 1863 1028 1895 ad
1049 1863 1152 1904 patris
1176 1872 1300 1895 mecum
1326 1862 1499 1895 dexteram.

626 1951 658 1984 6.
684 1950 743 1981 Vir
766 1958 898 1990 quoque,
924 1949 1095 1981 Dominum

685 1998 739 2038 qui
765 1998 951 2037 deportarat
961 1995 1003 2040 ⁷),
1026 1997 1140 2036 januas

683 2054 757 2077 mox
779 2049 817 2077 ut
839 2044 902 2077 fuit
922 2045 1095 2085 ingressus,

683 2096 776 2134 pater
802 2093 831 2125 ei
855 2093 999 2125 coenobii

681 2142 784 2182 ipsius

684 2190 807 2221 exstitit
830 2188 951 2221 obvius.

289 2320 314 2357 4)
334 2323 472 2351 eelelaret
490 2322 546 2350 Hs.
565 2336 604 2341 —
623 2319 647 2357 ⁵)
667 2321 780 2350 deteret
798 2321 853 2349 Hs.
875 2336 912 2340 —-
932 2318 955 2356 ⁶)
975 2321 1108 2348 cercente
1122 2319 1177 2348 Hs.
1194 2335 1234 2339 —
1253 2317 1277 2355 Ἴ)
1296 2320 1509 2355 deportaverat.

749 2448 836 2497 aa<

754 2502 900 2553 5353

731 2564 828 2628 1²⁵5„
