1653 2632
160 862 216 894 la.

160 1013 216 1045 2a.

161 1164 216 1197 3a.

158 1315 215 1347 4a.

159 1466 215 1499 5a.

159 1618 215 1650 6a.

158 1862 213 1895 va.

158 2153 215 2185 8a.

682 132 726 136 --
776 110 844 144 248
895 130 939 135 —

568 208 600 241 8.
625 207 729 246 Hujus
752 205 938 237 intercessio

628 253 694 285 Nos
721 253 918 285 commendet
941 251 1076 284 Domino

626 300 720 332 Nunc
745 303 777 331 et
799 301 834 332 in
861 302 1060 339 perpetuum.

240 384 323 412 Miss.
343 393 396 412 ms.
417 384 627 418 Hospitalense
647 392 721 411 saec.
744 382 788 411 15.
811 383 879 410 Cod.
900 383 930 410 S.
950 383 1036 410 Pauli
1064 382 1101 409 ad
1120 383 1284 410 Laventum
1309 383 1413 410 memb.
1439 383 1467 410 7.

163 421 198 448 A.
219 437 257 441 —
275 423 358 450 Miss.
379 431 432 449 ms.
453 422 621 449 Andecense
642 430 717 449 sace.
738 420 783 449 15.
805 421 877 448 Glm.
891 421 1059 448 Monacens.
1082 418 1189 448 24002.
1209 421 1244 447 B.
1258 421 1391 448 —Miss
1413 430 1466 448 ms.

162 459 377 487 Sarisberionse
402 468 477 487 saec.
506 458 549 486 15.
571 459 643 487 Clm.
662 459 829 486 Monacens.
856 456 963 486 15719.
986 459 1017 486 C.
1042 472 1081 476 —
1105 459 1189 486 Miss.
1209 467 1262 486 ms.
1290 459 1467 487 Monacense

158 495 259 525 23045
290 499 359 524 anm·
387 495 459 524 1485
480 498 516 524 D.
549 511 585 515 —-
614 496 701 524 Grati.
727 505 780 524 ms.
809 496 904 524 Palat.
930 496 1057 523 Vindob.
1088 494 1172 524 3787.
1203 504 1278 523 saec.
1306 495 1350 524 15.
1372 497 1404 524 F.
1431 512 1467 516 —

160 535 251 562 Grad.
271 544 324 562 ms.
343 535 520 562 Monacense
539 532 576 562 23
584 532 641 561 054
659 542 735 561 saec.
757 532 801 562 15.
821 535 854 562 F.

236 573 347 608 „Missa
367 573 402 599 de
422 575 521 599 sancto
543 571 716 599 Sebastiano
731 574 818 607 prout
829 572 937 607 leg-itm·
950 572 1060 600 Romae
1073 573 1104 599 in
1119 572 1247 606 ejusdem
1260 574 1464 600 monas-terior

160 609 191 637 O.
212 625 250 629 —
269 608 322 642 2h,
344 607 362 637 3
381 610 493 637 Lflium
512 611 545 636 in
563 609 718 645 sphaerula
736 610 774 639 E.
795 624 831 628 —
849 609 903 643 42³„
925 610 943 637 b
964 609 1157 637 intransibilis
1179 610 1216 637 E.
1229 625 1269 629 —
1287 610 1340 642 41),
1357 609 1375 636 2
1389 611 1468 638 Mar-

160 647 284 675 celliano
296 648 359 675 AD.
377 663 410 666 —
433 646 485 682 5a,
507 646 522 674 1
543 650 687 675 certantes
700 647 735 675 E.
752 663 789 667 —
810 647 867 675 Str.
878 649 896 675 8
911 647 985 675 fehlt
995 648 1029 675 A.
1049 663 1087 667 —
1108 648 1166 675 Die
1176 648 1277 675 Zeilen
1290 649 1468 676 schwauken

163 686 308 713 zwischen
328 684 345 713 6
364 685 426 713 und
445 686 463 713 ὅ
483 685 593 713 Silben.

589 781 652 813 337.
694 781 735 812 De
756 782 862 812 sancto
883 782 1040 814 Severino.

243 861 312 901 Via,
336 862 412 903 vita,
438 861 565 901 veritas,
844 861 901 894 lb.

240 909 315 940 Tibi
339 911 448 940 sancta
476 909 613 947 trinitas,

287 957 408 996 Honor,
435 957 546 998 virtus,
573 956 685 996 gloria.

240 1012 333 1044 Hanc
357 1012 534 1044 obstrusam
558 1013 756 1053 Agrippinae
843 1013 899 1046 212.

242 1059 371 1101 Panffis,
402 1060 485 1092 alme
508 1059 667 1098 Severine,

291 1107 362 1138 Lux
384 1107 423 1138 ab
448 1107 631 1149 Aquitania,

242 1163 360 1195 Factus
373 1164 514 1203 ,praesul
538 1166 603 1195 tam
627 1163 769 1195 sublimis
842 1164 900 1197 312.

244 1211 309 1242 Par
333 1210 503 1243 humilibus
529 1213 561 1241 et
581 1211 653 1242 imis

296 1257 445 1298 Sequeris
470 1258 611 1298 humilia,

245 1313 333 1346 Coeli
355 1314 465 1345 choros
490 1314 579 1346 audit
603 1315 674 1352 iste,
841 1314 900 1348 4b.

240 1361 325 1392 Dum
345 1361 519 1392 Martinam
546 1364 609 1400 tua,
646 1362 782 1401 Christe,

288 1408 410 1439 Ferunt
433 1408 474 1439 ad
499 1409 628 1447 palatia,

241 1464 351 1496 Mente
376 1464 479 1504 carpit
503 1465 643 1504 eremitag
842 1464 898 1497 5b.

239 1512 336 1544 Suum
360 1511 450 1552 fungi
473 1520 583 1551 parem
606 1512 654 1544 ita

287 1559 407 1591 Rerum
432 1559 612 1598 opulentia,

241 1615 524 1657 Burdigalensibus
841 1615 899 1649 6b.

287 1663 359 1695 Lux
383 1664 467 1695 alma
490 1665 621 1704 remeat,

237 1710 284 1743 Ut
309 1711 349 1743 de
372 1710 543 1743 virtutibus

287 1758 419 1790 Alumni
444 1758 581 1798 gaudeat

355 1806 438 1837 Tota
460 1805 638 1845 provincia.

238 1862 324 1894 Dum
348 1871 403 1895 suo
429 1861 547 1895 fruitur
842 1862 860 1894 ‘7
868 1861 900 1897 b.

285 1910 423 1942 Alumno
448 1909 563 1951 Gallia,

238 1957 337 1988 Trina
362 1956 527 1989 conficitur

273 2005 373 2036 Fame
398 2004 538 2044 Colonia,

239 2050 309 2082 Nec
329 2060 384 2082 rus
407 2051 560 2083 imbuitur

285 2098 371 2130 Rore
393 2107 452 2130 nec
475 2099 594 2138 pluvia.

242 2154 357 2186 Sancte
376 2158 469 2194 pater
494 2155 653 2195 Severum,
840 2157 900 2191 8b.

239 2200 404 2239 Majestati
427 2201 478 2234 fer
504 2203 630 2234 divinae

286 2248 402 2280 Preces
426 2258 485 2288 pro
510 2248 641 2291 familia,

236 2329 321 2357 Grad.
355 2339 408 2358 ms.
436 2332 641 2368 Margarethae
670 2333 824 2362 Scheiffart
852 2335 887 2362 <ie

924 862 993 900 Via,
1020 871 1100 902 quae
1123 861 1265 894 fidelium

923 909 1086 941 Terminat
1113 909 1256 940 exsilium

970 957 1007 988 In
1034 956 1163 988 coelesti
1187 957 1302 996 patria.

922 1013 1007 1045 Dum
1030 1022 1090 1053 per
1111 1011 1225 1045 falcem
1253 1013 1353 1045 doxae
1371 1023 1467 1047 sanae

924 1060 1045 1092 Saevae
1070 1061 1168 1100 pestis
1194 1061 1352 1092 Arrianae

971 1108 1108 1139 Resecas
1131 1108 1264 1139 zizania.

922 1164 1001 1196 Mox
1025 1164 1131 1204 egenis
1157 1166 1188 1195 et
1211 1173 1275 1195 non
1301 1164 1360 1195 tibi

922 1211 983 1243 Tui
1005 1212 1086 1251 juris
1109 1211 1158 1243 vis
1185 1211 1326 1243 adscribi

971 1258 1091 1291 Cuncta
1118 1259 1318 1298 temporalia.

922 1315 967 1346 Et
989 1315 1120 1346 levitam
1143 1323 1240 1354 prece
1264 1318 1388 1355 purgat,

923 1362 968 1394 Ut
992 1362 1034 1393 acl
1057 1362 1156 1393 melos
1177 1362 1264 1394 istud
1288 1366 1395 1402 surgat

969 1409 1049 1448 EJus
1075 1409 1245 1441 audientia.

921 1466 1072 1505 Angelus,
1103 1466 1166 1497 dux
1191 1466 1268 1504 eJ'us,
1295 1465 1349 1508 ait,

921 1512 995 1554 Vas,
1011 1513 1093 1552 quod
1108 1512 1216 1550 habes,
1234 1512 1307 1552 plus
1320 1515 1352 1543 te
1364 1513 1465 1544 trahit

969 1561 1067 1598 Quam
1091 1560 1171 1591 haec
1193 1560 1297 1591 virum
1322 1560 1422 1599 copia.

921 1615 1029 1656 Spirat
1052 1616 1207 1648 miracula

970 1665 1102 1696 Sanctus
1126 1666 1200 1703 post
1223 1663 1402 1703 transitum,

923 1710 1098 1742 Gothorum
1118 1711 1226 1750 jacula

965 1759 1099 1799 Frangit
1125 1761 1157 1789 et
1185 1756 1346 1790 fremitum

1039 1805 1244 1838 Confundens
1270 1804 1378 1838 fortia.

924 1863 1002 1896 Cum
1026 1863 1116 1903 gregi
1138 1863 1273 1894 redeunt

966 1910 1073 1942 Patris
1095 1910 1259 1950 reliquiae,

924 1957 1002 1990 Cum
1025 1960 1118 1998 patre
1142 1958 1276 1989 subeunt

968 2005 1071 2037 Rores
1096 2008 1129 2037 et
1151 2005 1280 2045 pluviae

921 2053 1123 2093 Fructusque
1147 2053 1303 2085 revehunt

970 2101 1061 2132 Tunc
1087 2101 1171 2134 dona
1197 2101 1318 2141 copiae.

924 2157 969 2190 Ut
989 2158 1135 2190 mundati
1158 2167 1214 2190 suo
1239 2167 1313 2190 rore

922 2205 1079 2239 Vitiorum
1104 2215 1123 2237 a
1150 2206 1297 2246 squalore

967 2252 1191 2285 Fecundemur
1215 2254 1329 2294 gratia,

921 2336 1049 2364 Met-ode.
1079 2346 1155 2365 saec.
1175 2337 1218 2366 15.
1254 2338 1324 2366 eod.
1353 2339 1471 2368 Musaei

163 2366 327 2402 Humgariei
346 2366 410 2396 259.
431 2385 468 2389 —
488 2369 542 2399 71),
564 2370 581 2397 5
602 2379 644 2406 sq.
666 2372 844 2400 revehuntur
864 2373 949 2401 (lona.
