1653 2632
697 117 931 151 -98-

603 208 666 240 120.
706 209 750 239 De
770 209 877 240 saneto
898 209 1032 240 Andrea.

191 282 245 315 la.
273 281 396 313 Psallat
420 289 506 320 voce,
533 280 614 312 votis
639 281 723 311 amet

276 328 397 361 Chorus
422 330 531 359 noster
556 329 588 358 et
612 326 766 358 exclamet

322 375 477 407 Jubilaeis
504 374 658 411 cantibus,

192 444 247 475 Za.
272 441 337 474 Hic
359 442 518 480 Andreas,
544 440 634 472 Petri
658 438 769 479 frater,

272 488 409 528 Magnus
421 488 679 527 doctor,magnus
688 488 790 525 pater,

320 535 379 566 Vir
403 535 500 566 totius
524 534 655 574 gratiae,

193 604 251 635 3a.
277 601 357 633 Rem
383 599 560 632 conformat
582 599 703 631 nomini

271 648 383 681 Virilis
408 647 458 678 vir
481 647 619 686 Domini,

319 694 419 726 Totus
446 694 614 737 virtuosus,

193 763 250 794 4a.
280 760 389 793 Crucis
413 760 467 791 hic
495 768 621 800 semper
646 762 769 792 amator

275 808 320 840 Et
340 806 446 839 fidelis
472 808 708 840 commendator

324 855 480 887 Constans
506 858 537 886 et
561 855 752 895 intrepidus.

196 923 250 955 5a.
279 920 439 960 Quidquid
459 921 560 952 crucis
576 924 625 952 est
641 930 792 963 amarum,

275 967 379 999 Dulce
403 968 466 999 sibi
489 971 584 1008 atque
609 977 717 1000 carum

326 1015 449 1047 Videns
473 1015 534 1047 hoc
554 1016 746 1056 prodigium,

197 1083 251 1115 62.
278 1081 359 1113 Eam
384 1081 497 1113 videns
521 1082 637 1123 gaudio

280 1128 439 1161 Exultans
465 1129 578 1161 eximio

326 1175 450 1216 Suscipi
475 1179 637 1217 precatur,

200 1243 218 1274 ’7
229 1251 256 1274 a.
282 1241 347 1273 Hic
373 1241 448 1273 dum
471 1250 574 1282 poena
598 1242 764 1281 liberatur,

277 1289 392 1329 Rogat,
418 1297 459 1320 ne
482 1289 677 1329 impediatur

327 1336 430 1376 Ipsius
455 1337 662 1378 martyrium3

197 1404 253 1436 Sa.
281 1402 305 1434 Ο
332 1411 425 1441 quam
449 1405 595 1443 sanctus,
623 1412 716 1443 quam
743 1404 796 1435 de-

576 1454 677 1490 totus,

282 1497 342 1536 Qui
366 1497 414 1528 sic
438 1497 555 1529 ardens
581 1501 651 1529 erat
673 1501 759 1530 totus

325 1545 365 1576 In
391 1544 493 1576 crucis
517 1546 706 1587 praeconi03

199 1612 258 1645 9a.
284 1611 411 1643 Laudes
437 1620 511 1652 ergo
537 1620 608 1643 cum
633 1613 744 1652 gratiis

280 1658 405 1691 Christo
429 1667 489 1698 pro
514 1658 675 1691 beneficiis

329 1706 551 1738 Persolvamus
562 1717 570 1747 3

174 1774 253 1806 lOa.
281 1772 345 1805 Sed
369 1776 415 1814 tu,
440 1775 535 1813 pater
557 1774 620 1814 pie,
647 1774 739 1816 bone,

278 1821 394 1853 Pastor
418 1821 523 1861 gregis
549 1825 581 1854 et
603 1824 749 1862 patrone,

326 1868 395 1900 Tuo
418 1869 596 1908 patrocinio

873 278 892 310 1
902 278 933 311 b.
955 278 1101 318 Namque
1115 278 1243 318 dignum
1257 281 1304 310 est
1316 280 1347 309 et
1358 278 1476 310 bonum

957 325 1178 364 Apostolicum
1202 327 1372 364 patronum

1005 371 1072 404 Nos
1099 371 1212 403 efferre
1235 371 1395 404 laudibus.

873 437 932 470 2b.
956 437 1021 470 Uni
1045 446 1162 478 parens
1183 438 1320 477 jussioni

957 485 999 518 Se
1025 483 1201 517 conformat
1221 484 1364 524 passioni

1006 532 1126 565 Christi
1149 532 1234 572 regis
1258 531 1388 572 gloriae.

875 598 934 632 3b.
957 598 1145 640 Respondet
1168 597 1324 631 vocabulo

959 646 1183 679 Praedicando
1208 646 1327 686 populo

1002 693 1109 726 Verbo
1133 694 1302 734 gratiosus.

875 760 934 794 4b.
955 760 1142 792 Ascendens
1156 761 1188 791 in
1214 760 1353 800 palmam
1375 759 1478 791 crucis

958 807 1080 839 Lumen
1106 808 1210 839 clarus
1240 807 1308 846 poli
1331 808 1412 838 lucis

1007 854 1075 886 Sibi
1096 855 1179 886 luxit
1203 855 1346 887 coelitus,

878 920 936 954 5b.
961 920 1048 952 Hinc
1069 920 1180 963 sitivit,
1207 920 1348 959 esurivit,

959 967 1040 999 Toto
1067 967 1164 999 corde
1189 967 1368 1006 concupivit

1010 1015 1184 1055 Crucisque
1208 1014 1407 1055 supplicium.

880 1082 939 1115 6b.
962 1082 1176 1121 Supervivens
1199 1080 1297 1112 biduo

961 1128 1119 1168 Tempore
1145 1128 1291 1160 continuo

1006 1176 1164 1215 Populum
1188 1176 1345 1207 hortatur.

881 1243 938 1276 712.
963 1242 1108 1274 Tandem
1124 1244 1243 1273 tortum
1261 1241 1363 1273 crucis
1380 1249 1483 1281 poena

964 1288 1184 1322 Circumfulsit
1207 1289 1263 1320 lux
1287 1297 1400 1321 serena

1012 1336 1127 1377 Sicque
1150 1336 1253 1368 tradit
1276 1336 1434 1376 spiritum.

881 1404 943 1437 8b.
967 1404 1067 1443 Quam
1094 1403 1222 1435 dicebat
1247 1403 1427 1435 dedicatam

964 1498 1083 1530 Christi
1107 1498 1259 1530 membris
1285 1501 1315 1530 et
1341 1501 1485 1530 ornatam

1012 1546 1244 1588 sanguinisque
1273 1546 1388 1586 pretio.

883 1613 943 1647 9b.
969 1613 1127 1646 Conemur
1152 1622 1222 1644 cum
1246 1611 1365 1645 fiducia

964 1661 1044 1700 Ejus
1069 1661 1160 1701 sequi
1183 1660 1319 1700 vestigia

1018 1708 1234 1741 Gratulantes.

860 1774 943 1809 lOb.
965 1776 1034 1808 Fac
1057 1784 1115 1807 nos
1140 1773 1206 1806 frui
1229 1773 1337 1807 fructu
1362 1773 1475 1808 crucis,

965 1822 1011 1854 Et
1034 1825 1167 1862 aspectu
1192 1831 1288 1854 verae
1312 1822 1393 1854 lucis

1015 1870 1093 1903 Cum
1118 1870 1253 1910 perenni
1278 1870 1404 1912 gaudio.

249 1942 336 1971 Grad.
358 1952 397 1971 ms
431 1943 462 1971 S.
482 1944 616 1980 Agathae
636 1953 659 1971 s.
681 1945 756 1981 sig-n.
777 1947 847 1973 anni
863 1943 947 1973 1512.
968 1960 1005 1964 -
1024 1945 1107 1973 MeL:
1127 1946 1164 1973 In
1178 1945 1299 1973 coelesti
1312 1945 1491 1973 hierarchia.

619 2054 675 2085 121.
715 2055 758 2086 De
778 2056 884 2087 sancto
906 2054 1042 2086 Andrea.

176 2124 233 2158 la.
258 2124 486 2156 Laetabundus

255 2171 421 2203 Andream
446 2171 607 2203 collaudet
629 2171 765 2203 mundus

307 2218 460 2258 Alleluja.

177 2275 234 2307 2a.
259 2274 323 2305 Hic
348 2274 457 2307 divina
476 2274 581 2316 gratia

260 2320 367 2352 Fulsit
389 2321 424 2352 in
447 2322 572 2353 Achaia

308 2367 404 2407 Quasi
428 2369 532 2408 stella,

862 2124 921 2158 lb.
945 2125 1005 2164 Qui
1029 2129 1161 2158 vocatus

948 2173 1026 2204 Mox
1050 2174 1072 2206 J
1074 2182 1161 2205 esum
1186 2176 1234 2205 est
1260 2176 1439 2215 comitatus,

989 2220 1054 2252 Res
1080 2221 1237 2255 miranda.

862 2275 922 2308 2b.
945 2277 1107 2309 ldolatras
1131 2277 1286 2317 plurimos

947 2323 1074 2356 Christo
1099 2323 1178 2356 fecit
1202 2325 1348 2357 credulos

992 2371 1076 2403 Fide
1101 2372 1198 2404 clara.
