1653 2632
701 143 742 146 -—
794 121 862 157 148
913 141 956 147 ——

854 216 912 249 41³.
937 216 1015 248 Cum
1039 215 1072 245 in
1098 212 1229 253 psalmis
1256 209 1465 243 decantandis

936 262 1022 302 Vigil
1046 262 1180 301 perstat,
1206 259 1259 290 hic
1283 258 1433 291 sanandis

985 308 1103 340 Christi
1130 306 1186 339 dat
1210 305 1440 338 commercium.

171 224 229 256 4a.
258 220 385 261 Clangit
409 219 485 251 tuba
511 218 679 256 Gedeonis,

255 268 358 301 Silent
381 267 470 307 magi
494 265 668 298 Pharaonis

302 315 372 347 Nec
398 315 475 347 dant
497 314 619 353 signum
644 311 782 354 tertium,

172 374 229 407 5a.
255 372 441 405 Salutantur
466 370 567 402 sancti
592 368 719 408 fratres,

253 420 339 453 Puer
363 419 416 450 hic
439 418 574 449 honorat
598 419 706 456 patres

301 466 361 499 Pia
384 467 459 505 post
482 464 620 496 oracula.

173 526 228 558 6a.
256 523 370 562 Stupet,
392 523 484 561 pater
508 520 588 551 haec
611 528 681 550 oum
699 518 795 557 videt,

252 570 396 602 Moestus
418 568 508 600 vultu
533 566 629 599 corde
653 565 748 603 ridet,

301 617 393 649 Pium
418 615 525 655 placat
548 613 666 653 filium3

173 677 227 708 7a.
254 674 317 707 Hic
340 672 485 705 Conrado
510 671 648 709 anxiato,

254 720 370 754 Ferris
395 719 498 760 quinis
525 718 682 758 colligato,

303 767 405 807 Rupit
426 765 505 797 ferri
529 765 674 806 vincula3

857 366 914 399 51).
937 364 1003 398 Uni
1028 373 1135 403 unum,
1161 363 1216 394 alii
1243 362 1315 405 duo,

937 413 1039 445 Penta
1063 411 1159 451 trino,
1185 410 1283 450 hepta
1307 412 1419 449 quarto

972 459 1110 492 Diversa
1135 457 1214 490 dans
1240 457 1357 489 oscula.

856 517 914 550 sb.
935 516 1055 548 Pandit
1078 517 1171 546 natus
1196 513 1375 552 veritatem,

937 563 1064 596 Fratris
1087 564 1244 594 monstrat
1263 560 1475 602 sanctitatem,

989 610 1155 651 Virginale
1177 609 1290 641 lilium.

860 669 916 702 7b.
940 669 1107 701 illustrata
1134 665 1300 699 Pannonia

942 715 1048 756 Signis
1072 714 1180 746 multis
1206 722 1277 745 cum
1301 712 1404 754 gloria

987 763 1052 795 Det,
1071 762 1183 794 laudes
1208 769 1267 801 per
1291 761 1428 793 saecula.

248 834 331 860 Miss.
352 840 405 859 ins.
426 831 607 859 Posmiense
629 831 698 857 anni
720 827 802 857 1488.
825 828 893 857 Cod.
914 829 1030 856 Musaei
1049 827 1216 864 Hungarici
1231 826 1295 853 Lat.
1317 823 1382 853 219.
1397 826 1431 853 Α.
1449 840 1485 844 -

173 872 257 899 Miss.
283 879 336 898 ms.
364 869 586 905 Strigoniense?
618 876 693 895 saec.
720 866 765 894 14.
794 866 862 895 Cod.
890 867 1006 894 Musaei
1031 865 1197 901 Hungarici
1221 864 1287 891 Lat.
1316 861 1361 891 94.
1387 864 1421 891 B.
1448 879 1486 883 —

172 910 256 937 Miss.
282 917 335 936 ms.
356 907 578 943 Strigoniense‘?
606 914 681 934 saec.
710 904 754 933 15.
776 905 845 933 Cod.
873 905 945 933 bibl.
967 904 1048 939 publ.
1073 903 1289 938 salisburgens.
1309 902 1337 929 V
1359 900 1372 928 1
1395 902 1419 929 B
1439 899 1485 929 23.

176 947 206 975 G.
226 962 264 967 —
285 945 336 981 2³,
360 945 374 973 1
403 945 501 973 Servit
525 953 598 979 puer
625 944 654 972 O.
679 958 714 963 —
735 942 787 976 2a,
808 941 827 970 2
847 942 983 979 Supremi
1008 943 1085 978 regis
1108 941 1138 968 Ο.
1157 956 1197 961 —
1217 938 1268 974 3a,
1289 937 1307 966 2
1331 939 1485 967 cerinthus

176 988 205 1013 et
223 985 356 1012 Marcion
378 984 415 1018 C?
443 983 538 1010 »Simul
558 982 712 1010 Corinthus
733 984 763 1009 et
780 982 935 1009 Marchion
954 982 987 1009 B.
1007 995 1045 999 -
1066 978 1121 1015 31),
1145 978 1158 1006 1
1181 979 1258 1006 Puer
1278 980 1397 1005 sanctus
1417 978 1486 1005 dum

180 1032 214 1051 ex
242 1022 314 1050 Sicn
343 1022 373 1050 C.
394 1037 431 1041 —
451 1019 510 1055 312,
538 1018 556 1047 2
581 1021 708 1048 Puerum
736 1028 752 1047 e
779 1020 875 1047 celion
896 1019 933 1047 C:
963 1027 1085 1055 puerum
1115 1016 1248 1045 echclion
1267 1017 1305 1051 B;
1331 1024 1488 1051 puerorum

180 1061 310 1089 etheleon
329 1060 363 1087 A.
382 1074 420 1079 —
443 1057 495 1093 31),
517 1057 534 1087 3
547 1059 723 1086 Transvexit
742 1058 778 1085 ad
795 1057 824 1085 Ο.
841 1073 878 1077 -
892 1057 944 1093 4a,
966 1056 981 1085 1
996 1057 1117 1092 Plangit
1129 1056 1167 1085 B:
1188 1055 1277 1082 turba
1291 1054 1326 1081 A.
1344 1069 1379 1073 --
1394 1055 1410 1081 5
1422 1062 1447 1089 a,
1469 1052 1487 1082 3

175 1100 294 1136 piacula
315 1098 346 1126 C.

403 1115 405 1118 -
425 1097 478 1130 5b,
499 1095 516 1124 2
537 1098 630 1125 Trina
648 1099 730 1124 terno
752 1099 834 1132 septa
856 1096 887 1124 O.
907 1110 942 1114 —
964 1095 1014 1130 7a,
1038 1093 1052 1122 1
1071 1093 1218 1122 Com-ardo
1235 1093 1275 1127 133
1298 1091 1440 1120 Coi-tardo
1456 1091 1486 1119 C.

613 1188 674 1219 196.
715 1187 757 1218 De
778 1189 885 1218 saneto
905 1187 1046 1219 Erasmo.

575 1250 606 1284 1.
633 1250 712 1291 Ave,
739 1251 861 1288 martyr
885 1248 1032 1288 gloriose,

633 1298 703 1328 Ave
727 1296 826 1336 sidus,
853 1304 912 1328 ave
934 1296 1019 1327 veris

681 1344 759 1376 Flos
783 1343 933 1383 perennis
957 1351 1049 1374 rosae

729 1390 980 1430 Germinansque
1004 1390 1115 1422 lilium.

179 1454 235 1487 2a.
261 1451 298 1483 In
327 1450 388 1482 hac
412 1450 497 1482 valle
520 1450 689 1489 peregrina

312 1496 428 1530 Confer
451 1497 514 1528 tuis
540 1496 698 1537 precibus,

862 1447 920 1480 2b.
942 1448 989 1481 Ut
1013 1456 1076 1479 non
1101 1449 1187 1478 retro
1213 1446 1322 1478 trahat
1346 1446 1439 1486 spina

989 1494 1057 1527 Nos
1083 1504 1103 1526 a
1129 1494 1251 1527 dextris
1276 1494 1449 1534 gressibus,

579 1554 611 1586 3.
638 1552 701 1585 Sed
726 1555 799 1592 post
825 1551 929 1583 carnis
953 1551 1111 1583 velamina

660 1600 776 1632 Deleta
800 1599 888 1639 gibbi
913 1599 1039 1631 sarcina

709 1647 883 1687 Jungamur
909 1646 1108 1680 coelestibus.

256 1717 340 1744 Miss-
362 1724 409 1743 ms,
428 1715 599 1743 Hilariense
611 1715 640 1742 X
660 1714 730 1741 anni
747 1711 829 1741 1458.
848 1728 883 1732 -—
898 1710 949 1748 21),
971 1710 986 1739 1
1007 1714 1085 1740 retro
1105 1712 1207 1740 tendat
1222 1712 1328 1748 culpae
1340 1712 1428 1747 spina
1439 1712 1493 1740 Hs.

621 1806 680 1838 197.
721 1806 764 1837 De
784 1806 891 1837 sancto
911 1805 1052 1837 Erasmo.

183 1872 239 1905 la.
268 1869 415 1903 Gloriose
438 1871 561 1908 martyr
585 1868 657 1909 Dei,

313 1917 380 1949 Nos
404 1919 531 1949 orantes
554 1916 689 1956 respice,

265 1968 295 1998 A
320 1968 353 1996 te
378 1965 463 2004 quod
488 1968 634 2004 optamus
659 1963 717 2004 rei,

312 2013 385 2046 Hoc
408 2012 442 2043 in
466 2012 558 2043 nobis
583 2010 713 2051 perfice.

183 2073 240 2104 2a.
266 2070 354 2103 Audi
378 2069 468 2109 regni
494 2068 672 2100 consodalis

314 2116 424 2148 Fletus
450 2116 483 2147 in
510 2115 653 2155 periculo

267 2164 356 2197 Tuae
376 2163 476 2204 laudi,
500 2163 606 2194 nullus
630 2162 703 2193 talis

315 2211 410 2243 Visus
436 2213 486 2242 est
508 2210 542 2242 in
566 2209 694 2249 populo.

185 2271 242 2303 33.
269 2268 294 2300 Ο
319 2267 463 2306 Enasme,
491 2275 508 2298 o
533 2266 708 2305 praeclare,

315 2314 384 2345 Fac
406 2322 464 2345 nos
490 2317 579 2345 recta
602 2320 725 2354 sapere,

268 2361 435 2395 Inimicum
465 2368 625 2401 superare,

315 2408 394 2440 Post
417 2408 500 2439 hanc
523 2407 621 2438 vitam
644 2406 761 2438 vivere.

869 1867 926 1901 ib.
950 1866 1078 1899 Gaudes
1100 1867 1134 1898 in
1161 1866 1319 1898 coelorum
1344 1865 1467 1897 thronis

999 1914 1112 1948 Carnis
1137 1923 1196 1954 per
1219 1914 1394 1953 interitum,

949 1961 1017 1994 Fac
1044 1970 1102 1993 nos
1127 1964 1201 1994 tuae
1225 1961 1382 2001 passionis

1000 2009 1148 2042 Gaudere
1171 2012 1247 2049 post
1271 2010 1400 2041 exitum.

868 2066 926 2098 2b.
950 2066 975 2099 O
1001 2075 1094 2106 quam
1118 2066 1216 2108 pium,
1242 2076 1337 2107 quam
1357 2066 1495 2106 beatum,

999 2113 1098 2152 Quam
1123 2112 1202 2145 felix
1225 2114 1406 2154 promissio,

952 2160 1011 2199 Qui
1036 2164 1068 2192 te
1092 2164 1284 2193 venerantur
1309 2164 1444 2201 gratum,

999 2208 1069 2240 Illis
1093 2207 1128 2240 fit
1153 2209 1308 2242 remissio.

870 2264 929 2297 312.
952 2264 987 2297 Si
1010 2266 1076 2297 sint,
1097 2268 1206 2299 tantae
1230 2265 1401 2305 pravitatis

1001 2311 1114 2344 Cordis
1139 2312 1367 2352 impugnantia,

955 2359 1069 2390 Vultus
1093 2363 1167 2392 tuae
1192 2359 1370 2391 sanctitatis

1002 2406 1113 2437 Nostri
1138 2407 1181 2438 sit
1206 2406 1360 2440 custodia.
