1653 2632
694 123 950 162 —137—

188 212 244 245 Ga.
271 212 405 253 Quidam
432 216 516 248 latro
541 217 745 256 perimendus
877 221 935 254 6b.
958 221 1032 254 Vini
1055 225 1158 254 musto
1184 222 1383 257 fervescente

274 259 447 302 Crucisque
471 263 578 296 triduo
958 268 1151 310 spinamque
1180 272 1307 304 vasculo

271 307 421 341 Patibulo
449 319 621 350 suspensus
958 316 1000 348 Vi
1021 317 1130 349 valida
1152 318 1293 357 pellente

318 356 420 388 Prece
444 358 547 389 sancti
571 359 737 393 liberatur.
1003 363 1125 403 Liquor
1141 366 1246 397 tamen
1259 369 1476 399 conservatur.

189 411 244 444 7a.
271 411 318 444 Ut
340 413 451 452 priore
475 416 664 448 testamento
877 419 935 452 7b.
958 420 1009 452 Ita
1033 421 1135 452 sancti
1159 421 1324 462 subjugale

271 458 368 492 Vates
394 469 502 493 amens
528 471 548 493 a
566 463 710 503 jumento
958 466 1114 499 Cohibens
1140 469 1268 501 exitiale

320 507 502 541 Prudenter
528 510 709 551 corripitur,
1004 513 1139 546 Furtum
1160 519 1267 548 tacens
1290 517 1438 556 loquitur.

187 563 244 596 8a.
271 563 356 595 Dum
381 566 526 597 artarent
549 574 584 597 se
609 569 776 606 sequentes
876 570 935 602 8b.
959 570 1074 602 Statim
1098 572 1190 604 adest
1213 573 1393 605 consolator

268 610 314 642 Et
335 611 402 650 jam
427 620 531 651 paene
555 611 739 645 diffidentes
958 617 1001 649 Et
1026 619 1145 651 amovit
1165 619 1251 651 vitae
1276 620 1369 652 dator

317 658 426 690 Labor
451 661 484 690 et
506 659 623 700 inedia,
1005 665 1179 706 Utriusque
1203 667 1319 700 taedia.

186 714 241 747 9a.
268 713 320 745 Ex
345 714 446 754 ipsius
474 715 555 747 dono
581 717 667 748 venit
875 721 933 754 9b.
955 722 1041 761 Quae
1065 722 1246 755 morborum
1271 724 1356 756 vires
1382 725 1459 757 lenit

315 761 494 793 Sanitatum
520 765 623 803 copia,
1006 768 1143 809 Copiosa
1166 771 1278 810 gratia.

162 817 241 851 lOa.
268 817 335 850 Nos
361 819 414 858 qui
439 821 513 851 tuae
534 820 663 859 pietatis
852 824 934 857 10b.
959 824 1105 857 Gloriose
1130 827 1329 871 Corbiniane,

268 864 359 897 Servi
384 875 491 898 sumus
516 868 574 899 sed
598 869 739 908 peccatis
954 871 1069 904 Manus
1094 876 1167 905 tuae
1191 875 1330 907 salutare

315 912 471 953 Depressi
496 915 738 959 succumbimus,
1002 919 1120 952 Munus
1146 920 1255 953 confer
1275 930 1472 961 quaesumus.

161 969 202 1002 11
212 978 241 1000 a.
268 969 315 1002 Ut
338 970 393 1009 qui
416 972 472 1002 tua
497 980 684 1005 veneramur
850 974 933 1008 111).
958 975 1112 1008 Coronari
1135 986 1314 1010 mereamur

266 1016 399 1049 Devotis
425 1017 584 1058 obsequiis
954 1022 1001 1053 Te
1025 1021 1153 1055 favente
1176 1026 1334 1064 perpetim

312 1064 498 1105 Praeconia‚
998 1070 1036 1101 In
1061 1071 1171 1110 gloria.

159 1119 239 1152 1221.
268 1119 335 1153 Ubi
360 1120 477 1153 bonum
503 1122 672 1162 singulare,
847 1124 889 1156 12
898 1124 929 1157 b.
952 1125 1004 1157 Ibi
1029 1135 1107 1166 opus
1134 1130 1166 1158 et
1192 1136 1307 1160 corona

312 1168 350 1199 In
376 1177 436 1208 quo
462 1169 529 1201 solo
555 1170 689 1210 singula,
998 1172 1084 1205 Laus
1108 1174 1170 1206 Dei
1192 1184 1252 1214 per
1274 1178 1411 1209 saecula.

572 1226 627 1260 13.
652 1227 757 1258 Amen
783 1227 892 1259 dicant
916 1229 1030 1261 omnia.

232 1280 315 1307 Miss.
345 1288 398 1307 ms.
430 1280 583 1308 Scotorum
612 1282 777 1310 Vindobon.
808 1282 845 1310 55
879 1292 897 1310 a
926 1281 944 1312 3
974 1292 1049 1312 saec.
1081 1284 1123 1313 15.
1151 1286 1186 1313 A.
1212 1301 1249 1305 —-
1276 1287 1346 1314 (hd.
1376 1288 1471 1315 Palzt.

154 1316 321 1345 Vindobon.
350 1316 399 1352 (ol.
420 1317 643 1355 Lunaelacens.)
670 1318 755 1347 4977.
784 1327 859 1348 saec.
881 1320 926 1349 15.
947 1322 981 1348 B.
1003 1337 1040 1341 —
1059 1323 1142 1350 Miss.
1163 1332 1216 1350 msu
1236 1324 1443 1352 Underdcrfeu:

155 1356 226 1381 anni
252 1353 335 1383 1437.
358 1355 432 1383 Clm.
452 1356 621 1385 Monacens.
648 1356 733 1386 7550.
756 1358 786 1386 Ο.
808 1374 844 1378 -—
864 1360 947 1387 Miss.
968 1369 1021 1387 ms.
1042 1360 1213 1389 Andecense
1233 1370 1309 1389 sanc.
1332 1361 1364 1390 15
1397 1363 1467 1390 Cim.

154 1392 325 1420 Monacens.
356 1391 468 1421 24002.
499 1395 536 1422 D.
566 1410 604 1414 —-
634 1396 721 1424 Grad.
753 1405 806 1424 ms.
831 1397 1044 1433 Mosburgense
1074 1400 1145 1426 anni
1176 1397 1258 1427 1360.
1290 1399 1349 1427 Cm.
1380 1400 1470 1428 Univ.

152 1430 322 1458 Monacens.
346 1430 410 1459 157.
430 1432 466 1459 Ε.
486 1448 525 1452 -
544 1433 631 1460 Mel.:
657 1433 879 1469 Congauclentes
903 1436 1089 1464 exsultemus.
1109 1452 1148 1456 —
1167 1435 1219 1471 51),
1241 1436 1259 1465 4
1279 1438 1324 1465 Ad
1344 1447 1472 1474 superna

147 1468 292 1496 coelestia
312 1469 346 1497 A.
369 1484 404 1488 —
427 1468 464 1498 13
483 1470 557 1498 fehlt
576 1471 609 1498 B.

590 1544 652 1575 180.
692 1544 733 1576 De
756 1547 863 1577 sancto
886 1545 1034 1578 Cornelio.

612 1605 643 1638 1.
669 1605 847 1639 Jubilemus

669 1657 800 1686 aeterno
825 1655 893 1694 regi

669 1709 747 1732 voce
771 1702 1030 1741 praeclarissima

148 1756 206 1787 2a.
233 1755 278 1786 Et
304 1754 414 1787 debita
436 1757 608 1795 praeconia
839 1757 898 1790 21).
921 1758 1054 1798 Semper
1079 1767 1160 1798 quae
1181 1762 1320 1799 manent,
1343 1760 1433 1800 jugia

231 1802 378 1834 recinant
403 1803 508 1835 cordis
533 1803 654 1843 intima,
924 1809 1017 1837 erunt
1040 1814 1125 1837 nunc
1150 1808 1182 1838 et
1206 1807 1239 1838 in
1264 1807 1401 1840 saecula.

148 1859 206 1891 3a.
233 1858 315 1897 Quia
338 1859 431 1891 decet
454 1868 577 1891 summa
839 1861 898 1896 3b.
922 1862 983 1901 Qui
1007 1863 1125 1894 sanctis
1150 1865 1312 1895 aeternam

231 1906 301 1938 laus
327 1914 408 1947 eum,
434 1907 546 1946 honor,
572 1907 684 1945 virtus,
920 1909 1074 1942 militibus
1099 1910 1211 1942 tribuit

231 1955 263 1985 et
286 1953 397 1994 gloria,
919 1957 1084 1990 laetitiam.

146 2012 204 2044 42.
231 2009 386 2042 Labentis
412 2020 489 2051 quos
514 2012 657 2052 nequivit
836 2014 896 2048 4b.
918 2013 988 2046 Nec
1014 2017 1148 2054 potuere
1171 2015 1238 2047 ulla

231 2058 384 2098 temporis
917 2064 1041 2093 terrere

229 2106 358 2138 vincere
381 2106 504 2139 malitia
917 2109 1038 2142 saeculi
1063 2110 1215 2142 convicia.

143 2166 201 2198 52.
227 2162 286 2196 Cui
310 2162 423 2197 beatus
836 2166 893 2200 5b.
916 2166 1037 2198 Ductus
1063 2167 1105 2199 ad
1130 2168 1280 2207 templum

226 2211 369 2243 militans
396 2211 562 2244 Cornelius
587 2221 672 2252 papa
916 2214 1033 2246 Martis
1059 2214 1195 2246 adorare
1220 2218 1358 2247 statuam

228 2259 360 2299 Sprevit
383 2258 474 2291 Decii
917 2261 1040 2302 Spuens
1065 2261 1098 2294 in
1124 2270 1193 2294 eam

224 2307 407 2341 truculenta
916 2309 1036 2349 inquit:
1062 2310 1142 2342 tales

224 2356 382 2389 minarum
403 2356 495 2395 jussa
915 2357 962 2389 dii
986 2361 1119 2397 pereant

225 2406 256 2435 et
281 2403 413 2436 adolere
436 2403 610 2443 thymiama
919 2405 1000 2438 coeli
1024 2408 1055 2437 et
1080 2406 1192 2439 mundi
1217 2406 1257 2439 de
1280 2405 1414 2441 fabrica.
