1653 2632
714 140 951 175 -91—

201 232 257 262 6a.
285 229 380 263 Furit
401 231 434 263 in
462 233 530 272 ejus
557 242 691 274 corpore
887 235 934 268 6b

331 278 448 312 iudicis
472 280 607 321 insania,

202 340 257 371 7a.
283 339 369 372 Deos
395 341 520 380 spernit
545 345 577 373 et
602 351 709 375 eorum
886 343 931 375 7b

327 387 427 420 Ridet
452 391 484 420 et
508 388 675 433 sacrificia,

283 433 455 467 Saevitiam
479 436 649 475 impiorum

330 482 443 515 Mente
469 484 571 515 calcat
594 493 658 515 non
682 485 797 518 soluta.

200 543 256 577 Sa.
284 543 308 575 O
337 543 431 575 beata
454 553 549 583 quam
573 544 616 576 ad
640 548 766 584 portum
885 546 942 579 811.

282 590 361 622 Tam
387 591 430 622 ad
453 591 536 622 lucis
563 591 651 623 ducit
673 596 802 632 partum

331 637 475 670 Christus
499 638 534 669 in
560 639 713 679 custodia,

199 698 260 731 9a.
285 698 371 730 Dum
395 701 502 730 oraret
526 707 586 730 nec
607 699 641 731 in
666 710 791 739 vanum,
885 701 944 736 9b.

278 745 365 777 Ecce
385 745 515 785 quidam
533 745 658 785 profert
674 757 800 780 manum

346 793 401 825 Ad
427 793 494 832 ejus
520 794 692 836 praesidia,

174 853 217 885 10
227 862 257 886 a.
281 854 334 886 Ex
361 854 462 894 ipsius
488 855 599 887 tumba
622 859 730 888 manat
860 857 942 890 10b.

330 901 484 934 Sanitatis
511 903 612 943 copia,

173 962 253 994 lla.
280 962 348 994 Nos
375 964 429 1003 qui
454 972 561 995 sumus
577 964 612 995 in
627 964 688 996 hac
709 965 799 1004 calle,
860 965 943 998 111).

278 1009 498 1042 Lacrimarum
523 1011 556 1041 in
583 1012 736 1052 convalle,

329 1058 481 1097 Perpessi
505 1056 682 1099 naufragia,

938 260 945 267 .
972 236 1091 268 Tamen
1115 237 1149 268 in
1173 238 1339 269 tormentis
1364 238 1450 271 leva-

1016 286 1068 315 tur
1094 284 1212 316 Christi
1238 285 1413 318 clementia.

935 368 942 375 .
964 344 1134 376 Mammam
1150 346 1252 378 tradit
1263 347 1297 377 in
1306 347 1484 387 tormentis,

1014 391 1081 423 Dat
1104 393 1267 424 maxillam
1292 396 1324 424 et
1348 394 1449 433 alapis

966 439 1011 471 Et
1029 440 1171 479 corporis
1185 448 1338 480 spernens
1356 449 1486 481 poenas,

1014 486 1097 518 Fide
1121 487 1219 519 vincit
1244 496 1351 519 omnes
1376 497 1447 520 una.

968 546 1084 579 Carcer
1108 548 1206 579 micat
1229 558 1312 580 nova
1336 549 1407 580 luce

965 593 1008 625 Et
1035 598 1164 626 curatur
1190 595 1316 628 Christo
1344 596 1423 628 duce

1012 641 1050 673 In
1075 642 1164 674 Petri
1188 643 1379 682 praesentia.

966 701 1080 734 Statim
1103 704 1188 735 salus
1216 704 1309 735 datur
1334 707 1434 745 grata,

969 749 1092 781 Cedunt
1116 750 1248 783 umbrae
1272 752 1343 783 luce
1367 752 1451 792 data,

1012 798 1154 829 Mentem
1176 801 1300 830 mutant
1324 799 1449 839 gaudia.

964 858 1050 897 Quae
1075 857 1217 890 furentes
1242 868 1335 900 rogos
1360 860 1453 893 sedat

1014 906 1078 938 Per
1101 907 1168 945 ejus
1194 906 1352 946 suffragia.

966 966 1113 998 Gloriosa
1137 976 1254 1007 sponsa
1280 967 1407 1007 Christi,

966 1014 1052 1053 Quae
1073 1014 1140 1053 jam
1165 1023 1281 1054 sponso
1306 1016 1466 1055 placuisti,

1012 1060 1083 1092 Duc
1108 1062 1150 1092 ad
1174 1062 1263 1101 pacis
1288 1063 1414 1102 gaudia.

174 1118 254 1150 12a.
281 1119 359 1158 Ipsa
383 1119 474 1150 nobis
499 1119 695 1151 mansionem
860 1121 941 1153 121³.
964 1122 1018 1153 Ad
1044 1131 1137 1161 quam
1164 1123 1260 1154 ducas
1286 1132 1393 1155 omnes
1418 1124 1473 1163 pie

279 1166 437 1205 Impetres
463 1175 483 1197 a
506 1166 644 1198 Domino
966 1169 1044 1201 Post
1067 1170 1178 1201 mortis
1202 1170 1360 1202 excidium

326 1213 426 1244 Prece
450 1213 515 1253 pia,
1010 1215 1103 1247 Vitae
1125 1217 1187 1249 via.

173 1274 216 1306 13
227 1282 255 1305 a.
282 1273 384 1305 Tuum
410 1272 527 1305 festum
553 1274 750 1306 celebrantes
857 1276 942 1311 13b.
964 1277 1010 1309 Ut
1036 1280 1164 1309 coronet
1191 1287 1243 1310 eos
1270 1278 1413 1311 Christus

326 1320 495 1354 Gaudeant
518 1330 578 1360 per
602 1322 739 1360 saecula,

1011 1325 1089 1356 Post
1113 1325 1199 1356 vitae
1225 1326 1374 1358 curicula.

585 1383 640 1415 14.
667 1383 769 1415 Amen
798 1384 908 1415 dicant
931 1385 1046 1418 omnia.

247 1456 335 1485 Grad-
356 1465 410 1484 ms.
432 1457 592 1485 Sanctcuse
608 1467 630 1485 5.
645 1460 720 1494 sign.
734 1466 809 1486 saec.
826 1457 870 1487 15.
891 1475 928 1479 -

946 1460 1032 1487 Mei:
1055 1460 1278 1497 Congaudentes
1294 1462 1481 1489 exsultemus.

606 1577 660 1609 112.
700 1578 744 1610 De
764 1579 875 1610 sancta
891 1580 1022 1619 Agnete.

193 1657 249 1689 la.
275 1656 381 1688 Adest
406 1657 474 1689 dies
504 1659 697 1698 veneranda,
881 1659 927 1691 lb

272 1704 351 1735 Dies
378 1704 473 1744 (ligne
499 1705 693 1738 celebranda

321 1751 402 1783 Toto
429 1752 535 1784 cordis
561 1753 687 1793 gaudio,

193 1809 251 1842 2a.
277 1808 307 1839 A
333 1808 497 1847 primaevo
525 1810 701 1849 juventutis
878 1810 936 1842 ab.

275 1855 379 1886 Tenet
399 1855 475 1894 jura
499 1856 670 1887 senectutis

322 1902 394 1933 Vim
403 1903 633 1935 transcendens
642 1904 794 1946 corporis,

192 1960 212 1992 :3
221 1968 250 1991 a.
277 1959 387 1999 Agnes
412 1968 527 1999 agnum
554 1960 659 2000 diligit
879 1961 937 1994 3b.

274 2006 318 2039 Et
336 2016 476 2039 amorem
500 2007 635 2048 negligit

323 2055 456 2088 Juvenis
481 2056 678 2096 temptantis,

190 2113 250 2145 4a.
274 2111 361 2143 Hinc
384 2112 513 2151 insanit,
539 2113 757 2153 perturbatur,
878 2113 938 2148 4b.

274 2159 365 2191 Tunc
383 2159 567 2199 praefectus
587 2161 796 2192 contristatur

323 2207 408 2239 Nato
434 2208 548 2239 timens
572 2208 715 2249 proprio,

190 2266 208 2298 5
219 2274 249 2298 a.
273 2265 497 2299 Demandatur
521 2265 665 2306 spoliari,
878 2269 896 2299 5
909 2266 940 2299 b.

274 2313 339 2346 Sed
365 2313 499 2353 capillos
527 2313 717 2346 condensari

320 2362 431 2393 Virtus
457 2359 535 2393 fecit
561 2361 690 2398 coelica,

931 1684 938 1691 .
962 1660 1129 1693 Universis
1154 1661 1345 1694 admiranda

963 1708 1071 1748 Agnes
1099 1711 1145 1740 est
1172 1712 1204 1740 et
1228 1709 1425 1749 honoranda,

1007 1754 1042 1786 Si
1062 1759 1215 1794 pensetur
1239 1757 1331 1790 ratio.

960 1811 1044 1842 Nam
1066 1815 1251 1844 ornamenta
1273 1813 1385 1844 salutis

962 1856 1012 1891 Ac
1034 1858 1239 1891 multiformis
1264 1860 1393 1892 virtutis

1007 1905 1131 1937 Donum
1158 1909 1321 1946 praestant
1341 1907 1475 1941 roboris.

960 1961 1064 2001 Dona,
1091 1972 1172 2002 quae
1195 1973 1259 1995 non
1283 1965 1429 2005 porrigit,

960 2009 1127 2049 Respuens
1152 2011 1322 2052 praeeligit

1007 2057 1184 2097 Amplexus
1210 2060 1355 2092 amantis.

960 2114 1015 2146 Ad
1040 2114 1176 2154 lupanar
1199 2119 1236 2146 ut.
1262 2116 1406 2156 ducatur,

960 2161 1068 2202 Jubet,
1097 2164 1128 2193 et
1151 2163 1363 2202 prostituatur

1010 2210 1176 2243 Communi
1200 2211 1351 2244 ludibrio.

962 2266 1060 2298 Veste
1083 2267 1164 2308 tegit
1187 2268 1325 2307 puellari

959 2314 1030 2346 Nec
1049 2315 1209 2354 permittit
1233 2315 1346 2348 violari

1006 2362 1099 2395 Hanc
1123 2371 1235 2396 manus
1260 2365 1414 2405 angelica.
