1653 2632
178 221 234 253 Sa..

181 514 239 546 4a.

676 117 937 152 —154—

260 218 357 251 Unde
380 217 516 257 simplex
540 216 583 247 sit
605 217 637 246 et
660 215 715 255 pia

259 266 397 298 Nostrae
419 264 507 296 vocis
532 262 705 303 harmonia,

307 314 405 353 Quam
431 311 548 344 sanctis
575 309 765 348 deferimus3

260 361 345 393 Laus
361 369 435 392 nam
448 358 565 391 sanctis
580 366 650 389 cum
664 356 780 388 dicitur

260 409 351 441 Haec
375 408 409 439 in
433 406 502 438 Deo
527 404 693 445 perficitur

307 455 369 488 His
394 456 449 485 aut
473 452 550 493 quid
575 451 729 492 egerimus

264 512 340 544 Divi
362 512 472 551 jugum
497 518 535 541 en
559 508 679 540 laboris

262 559 358 591 Hunc
381 557 528 597 provexit
553 556 594 588 ad
618 554 746 587 honoris

309 605 404 637 Tanti
428 603 690 645 magnitudinem,

860 212 918 246 3b.

864 504 922 538 4b.

943 211 1017 243 Non
1040 212 1186 250 putemus
1212 218 1286 249 ergo
1310 216 1436 248 vanum,

943 258 1094 291 Sanctum
1118 257 1146 288 si
1169 256 1368 288 Felicianum

990 305 1176 337 Tractemus
1203 303 1356 340 devotius,

944 353 1004 392 Qui
1029 353 1210 384 sanctorum
1234 349 1410 391 agminibus

944 401 984 433 1n
1009 398 1156 439 supernis
1181 397 1346 430 ordinibus

992 446 1133 479 Effectus
1160 447 1209 477 est
1232 445 1345 477 socius.

944 503 990 536 Et
1014 503 1054 535 ob
1081 511 1189 534 curam
1213 501 1401 541 ampliorem

945 551 1008 583 Est
1031 550 1167 590 adeptus
1192 549 1358 580 celsiorem

995 599 1068 632 Illic
1090 596 1328 638 gratitudinem.

184 665 239 696 5a.
267 663 408 702 Quantus
434 669 508 701 ergo
534 661 577 692 sit
598 661 631 691 in
658 659 753 691 caelis
867 657 925 691 5b.
947 656 992 688 Et
1016 655 1101 696 quod
1124 663 1239 695 magna
1262 655 1432 695 mereatur,

268 709 386 742 Christi
411 717 521 740 servus
545 708 599 739 hic
622 706 739 746 fidelis,
948 703 1029 743 Ejus
1054 703 1155 734 virtus
1180 702 1208 733 si
1232 704 1393 741 pensatur,

314 757 365 789 Ex
390 759 463 788 actu
489 755 659 795 colligitur,
997 751 1081 782 Vere
1106 759 1170 782 non
1195 749 1375 789 ambigitur.

186 817 241 849 6a.
268 814 417 846 Nondum
443 813 570 853 quidem
594 812 774 852 baptizatus
869 808 928 842 6b.
953 807 1049 848 Cujus
1073 816 1177 839 mores
1202 807 1276 839 dum
1300 805 1433 845 notavit,

268 861 386 894 Christi
410 859 506 893 fidem
527 860 707 899 insperatus
952 855 1059 888 Sacris
1084 854 1200 887 scholis
1225 855 1309 885 hunc
1333 852 1457 892 aptavit

317 908 442 941 Dilexit
466 908 629 948 sincerius,
1001 902 1136 934 Sanctus
1160 900 1375 934 Eleutherius.

189 969 245 1000 7a.
272 966 444 1005 Postquam
468 973 544 996 vero
570 962 761 1004 baptizatur,
872 960 930 994 7b.
951 959 1032 992 Inde
1055 958 1159 990 virum
1183 960 1249 989 tam
1273 957 1446 996 benignum

273 1013 357 1045 Fide
380 1011 504 1053 fulgens
531 1012 712 1045 declaratur
951 1006 1142 1039 Praesulatu
1167 1004 1245 1036 fecit
1270 1005 1399 1044 dignum

318 1061 422 1100 Aptus
447 1060 646 1100 sacerdotio,
1001 1054 1163 1086 Virtutum
1186 1052 1354 1093 promotio.

190 1119 244 1151 8a.
272 1121 302 1150 A
328 1117 458 1148 Victore
482 1116 610 1156 praesul
635 1114 737 1147 factus
871 1112 931 1146 8b.
955 1111 1198 1150 Plantandoque
1230 1117 1354 1141 sacram
1378 1107 1477 1140 fidem

271 1166 368 1205 Quam
399 1164 554 1195 solemnes
580 1164 677 1203 gessit
700 1166 789 1195 actus
956 1159 1100 1196 Gentem,
1117 1158 1157 1190 de
1168 1167 1229 1198 qua
1237 1159 1330 1189 natus
1339 1156 1476 1196 pridem,

318 1212 445 1244 Intrans
472 1211 592 1245 Christi
616 1211 740 1242 vineam
1005 1206 1161 1239 Sanctivit
1186 1203 1368 1245 fulgineam.

191 1271 245 1303 9a.
271 1268 490 1308 Exstirpando
515 1268 579 1298 vim
606 1267 735 1299 deorum
874 1264 931 1297 91).
956 1263 1019 1296 Cur
1043 1271 1215 1302 suspensus
1239 1262 1410 1300 laceratur,

272 1316 432 1348 Idolatras
458 1315 506 1346 div
514 1323 654 1346 ersorum
955 1310 1064 1342 Verba
1087 1311 1174 1343 vitae
1196 1318 1238 1341 ne
1260 1310 1410 1349 loquatur

271 1363 357 1395 Hinc
381 1363 538 1395 convertit
561 1362 768 1393 terminorum
955 1358 1021 1391 Sed
1044 1366 1243 1398 nequaquam
1268 1357 1451 1388 retardatur

319 1410 445 1442 Docens
469 1410 504 1441 in
527 1409 640 1449 Italia3
1003 1405 1154 1438 Profiteri
1178 1405 1267 1438 talia.

168 1469 248 1502 lOa.
274 1468 386 1499 Plures
411 1475 530 1507 poenas
556 1467 603 1498 sic
623 1473 793 1506 perpessus
851 1463 934 1497 10b.
956 1464 1055 1503 Quem
1081 1472 1151 1494 cum
1175 1462 1273 1494 laude
1296 1460 1445 1501 sepelivit

274 1515 406 1546 Vinctus
425 1514 558 1546 Romam
584 1517 633 1545 est
648 1521 794 1554 agressus
959 1510 1055 1553 Gens,
1078 1512 1112 1543 in
1128 1509 1194 1543 fide
1211 1518 1305 1550 quam
1320 1506 1480 1547 sanctivit,

275 1562 422 1602 Obiitque
444 1571 517 1594 mox
543 1570 713 1601 oppressus
958 1558 1045 1590 Deus
1070 1559 1155 1590 hunc
1178 1560 1211 1589 et
1233 1556 1399 1597 insignivit

320 1610 452 1642 Viarum
476 1609 659 1648 laboribus;
1007 1606 1112 1646 Signis
1138 1605 1325 1646 potioribus.

171 1668 212 1701 11
223 1677 250 1700 a.
279 1667 326 1700 Ob
351 1667 412 1699 hoc
435 1666 490 1706 pie
512 1666 711 1698 modulemur
853 1663 934 1697 lib.
958 1662 1068 1695 Sancti
1091 1662 1184 1694 nobis
1208 1662 1270 1694 hoc
1294 1662 1458 1702 praestare

274 1715 369 1747 Hunc
382 1717 414 1746 et
422 1717 566 1746 sanctum
578 1714 795 1754 deprecemur,

275 1762 321 1795 Ut
343 1762 377 1794 in
401 1761 467 1794 fide
492 1762 664 1794 solidemur

276 1860 385 1891 Aevae
408 1857 519 1889 mortis
544 1865 585 1888 ne
610 1857 795 1889 damnemur

324 1906 437 1938 Atroci
462 1905 635 1944 sententia3

962 1710 1102 1743 Coelitus
1126 1713 1158 1742 et
1180 1710 1365 1749 impetrare,

960 1758 1059 1797 Quem
1091 1760 1294 1798 praesentem
1326 1763 1481 1789 commen-

1257 1805 1335 1837 dare

960 1853 1101 1886 Nitimur
1127 1856 1159 1885 et
1182 1861 1366 1896 personare,

1006 1901 1165 1942 Dignetur
1190 1901 1368 1933 clementia.

174 2030 201 2058 L
242 1992 329 2056 {fis}
355 2000 409 2019 ms.
437 1991 466 2019 S.
486 1991 670 2018 Katharinae
688 1989 903 2024 Hamburgens.
930 1985 996 2015 433.
1024 1995 1099 2015 saec.
1129 1985 1174 2015 15.
1214 1987 1299 2014 Mel.:
1328 1985 1487 2021 jedenfalls

204 2038 240 2057 au
262 2038 280 2057 a
320 2038 379 2057 ion.

556 2139 623 2170 206.
667 2138 702 2169 In
721 2137 941 2169 Translatione
965 2145 988 2167 s.
1008 2136 1103 2168 Fidis.

176 2229 231 2262 la.
260 2229 372 2261 Omnia
393 2227 546 2261 melliflua

260 2277 337 2308 dent,
361 2277 485 2308 cantica

261 2326 293 2355 et
315 2324 437 2355 honora

262 2371 399 2403 collecta
423 2370 558 2412 agmina,

860 2225 919 2258 2b.
942 2226 1048 2258 Instat
1072 2226 1146 2266 quia
1169 2225 1339 2265 praeclara

944 2273 1012 2305 dies
1036 2274 1123 2305 intra

945 2320 1031 2352 orbis
1057 2321 1164 2360 ampla

946 2368 1052 2401 dicata
1076 2367 1190 2407 spatia,
