1653 2632
681 133 942 168 —158—

241 224 324 252 Miss.
352 234 404 254 ms.
426 227 454 254 S.
475 228 605 256 Floriani
624 229 667 256 XI
693 226 758 256 390.
779 236 855 256 saec.
877 224 913 254 13
934 225 968 252 A.
990 237 1028 242 --
1047 221 1131 249 Miss.
1151 228 1205 246 ms.
1227 216 1255 246 S.
1276 218 1409 246 Floriani
1428 214 1473 242 XI

165 258 233 290 389.
259 270 334 290 saec.
361 262 405 291 14.
431 266 463 292 in
481 266 514 293 B.
535 281 572 287 —-
590 267 673 294 Miss.
697 274 750 293 ms.
772 265 802 293 S.
821 264 953 292 Floriani
973 261 1016 288 XI
1036 257 1091 288 391
1115 265 1191 285 saec.
1212 255 1257 284 14.
1281 255 1311 282 C.
1332 269 1369 273 —-
1388 254 1473 281 Miss-

165 308 218 327 ms.
245 299 273 328 S.
303 302 435 329 Floriani
454 303 500 331 m
526 302 590 332 204.
616 313 691 332 saec.
718 302 762 331 14.
783 303 820 330 D.
841 316 878 321 —
900 301 984 328 Miss.
1011 306 1065 326 ms.
1087 295 1188 323 Cellae
1206 294 1377 328 Principum
1403 291 1475 319 anni

170 335 251 365 1487.
274 338 345 367 Olm-
365 341 530 369 Monacens.
550 340 634 370 7204.
652 342 688 370 E.
710 355 745 360 —
768 339 816 374 1a,
841 337 860 366 2
882 339 939 372 Qui
959 335 1109 373 passionis
1128 334 1163 361 A.
1183 346 1221 351 —
1242 329 1292 364 lb,
1314 330 1331 358 5
1352 339 1395 366 sq.
1414 327 1476 356 und

167 373 225 410 2³⁷
250 375 264 404 1
284 377 381 406 fehlen
399 378 435 406 E.
454 393 493 398 —
511 378 563 413 2a,
584 378 602 408 3
623 380 682 408 Sub
702 378 841 415 Aquilino
863 376 898 404 A.
919 389 957 394 —-
977 372 1028 407 3³,
1050 370 1068 400 3
1094 371 1209 399 Collum
1228 369 1347 404 junctus
1367 366 1475 403 lapide.

168 413 202 440 A·
225 429 261 433 -
282 414 336 449 53,
362 415 377 443 1
397 416 476 452 Ergo
493 417 572 451 juste
591 417 777 454 triumpharis
799 416 836 443 D.
856 429 895 433 —
916 413 972 441 Str.
992 411 1009 439 5
1029 410 1091 439 und
1111 408 1128 437 6
1148 408 1245 436 fehlen
1264 407 1299 434 A.
1325 420 1360 425 —-
1382 405 1439 432 Str.
1458 404 1476 431 7

168 452 243 479 fehlt
261 452 328 481 AD.

591 518 659 549 209.
699 519 742 550 De
763 517 870 549 sancto
890 515 1046 547 Floriano.

196 572 214 604 1
230 581 257 603 a.
284 572 322 603 In
347 580 447 611 agone
470 581 526 611 spe
550 582 681 605 coronae

283 616 486 651 confortatus
505 619 556 650 vir
579 619 689 652 beatus

330 665 499 697 Florianus
521 666 615 697 hodie

202 718 258 749 2a.
286 715 383 755 Cujus
410 716 587 748 dedicatam
611 718 755 757 passione

335 762 428 795 Diem
453 763 639 795 laetabundi

382 809 576 842 celebremus
598 811 690 843 istam

203 865 258 897 Sa.
289 863 459 895 Florianus
483 862 681 894 venerandus

335 910 435 948 Quam
457 917 611 949 praesago
637 907 725 940 fulsit

384 956 552 997 insignitus
577 956 720 987 nomine!

205 1013 262 1045 4a.
289 1010 343 1043 Ad
368 1009 502 1041 meliora
523 1007 715 1047 quotidianis

336 1065 521 1090 accrescens
544 1054 704 1095 operibuS,

288 1106 411 1140 cedrus
435 1103 497 1136 fuit
520 1103 595 1135 hinc

336 1154 413 1186 inde
436 1151 596 1193 protensis
621 1151 655 1182 in
680 1150 778 1182 altum

336 1201 433 1234 ramis
459 1208 497 1233 ac
525 1198 697 1231 radicibus.

208 1258 264 1291 5a.
290 1256 328 1288 In
353 1257 448 1295 petra
470 1249 754 1293 superaedificatus

315 1302 457 1335 Solidum
483 1301 518 1332 in
542 1299 678 1332 Domino

389 1349 458 1382 Sibi
485 1347 604 1388 delegit

434 1396 685 1433 fundamentum,

208 1454 266 1486 6a.
293 1450 478 1491 Aquilinum
500 1447 717 1480 blandientem

289 1499 334 1531 Et
358 1498 493 1530 eundem
515 1495 698 1536 punientem

336 1545 408 1578 Non
439 1544 608 1577 attendens

386 1592 509 1633 sprevit
533 1590 725 1630 idolatriam,

209 1650 266 1681 7a.
292 1648 322 1680 A
346 1643 511 1687 praefecto
536 1642 724 1683 supradicto

290 1695 390 1728 Uncis
418 1692 591 1732 dissipatus
616 1688 741 1729 ferreis,

338 1742 536 1775 Daemonum
563 1737 782 1771 detestabatur

386 1788 586 1827 Falsitatem,

209 1845 264 1878 8a.
291 1842 403 1876 Puniri
426 1840 557 1873 tandem
581 1837 745 1871 fastiditus

291 1891 330 1923 In
353 1889 455 1922 Anesi
478 1886 608 1919 flumine

340 1937 437 1970 Jussu
458 1935 578 1976 judicis
603 1936 727 1972 martyr

389 1987 438 2016 est
462 1982 603 2015 obrutus.

210 2039 265 2071 9a.
293 2037 384 2076 Quod
409 2036 507 2068 vidua

292 2084 386 2116 Felix
412 2085 444 2115 et
467 2081 583 2120 fideliS,
609 2078 747 2115 Valeria,

293 2131 382 2164 Clam
404 2131 437 2162 in
456 2130 561 2161 locum
585 2125 738 2166 perduxit

341 2177 569 2217 exsequiarum.

187 2232 266 2264 lOa.
293 2229 358 2262 Hic
381 2230 516 2261 virtutes

291 2277 391 2308 Fiunt
410 2275 453 2308 ad
477 2274 595 2306 salutes

292 2322 512 2360 Infirmorum;

293 2370 439 2408 Laetare,

291 2419 424 2455 martyr,
452 2414 547 2446 decus
569 2412 758 2444 sanctorum.

875 572 934 606 lb.
957 570 1084 604 Christo
1111 566 1222 606 fretus,
1247 565 1314 598 fide
1336 564 1449 602 laetUS,

958 619 1057 659 Quam
1070 615 1227 657 probavit,
1241 622 1303 654 qua
1314 609 1477 652 pugnavit,

1007 665 1128 697 Stolam
1153 661 1289 702 sumpsit
1313 658 1442 700 gloriae.

881 719 939 752 ab.
958 718 1004 750 Et
1029 716 1186 756 condigna
1210 712 1414 747 veneratione

1010 763 1128 797 Christi
1153 762 1335 794 attollamus

1055 810 1171 843 fortem
1195 808 1381 849 agonistam.

885 864 941 897 311.
962 864 1092 896 Palmae
1104 869 1239 901 namque
1252 855 1483 898 comparandus

1011 910 1118 948 Flore,
1145 908 1252 941 fructu
1276 906 1335 937 tibi

1062 955 1259 997 germinavit,
1281 951 1429 985 Domine.

891 1009 949 1042 41).
972 1009 1120 1041 Caritatis
1140 1007 1246 1040 studio
1271 1005 1332 1037 sibi
1354 1012 1432 1044 pau-

1018 1064 1086 1095 per,
1113 1056 1200 1088 dives
1223 1051 1427 1094 pauperibus,

974 1101 1080 1133 Variis
1105 1111 1232 1141 operam

1021 1148 1189 1180 virtutibus
1214 1147 1378 1180 alternatis

1023 1195 1226 1235 impendebat
1242 1194 1374 1227 vicibus.

897 1248 955 1282 51).
977 1246 1043 1280 Ubi
1067 1255 1148 1286 pura
1170 1245 1234 1277 fide
1257 1245 1417 1276 radicatus

1024 1294 1173 1327 Fulmina
1197 1295 1229 1324 et
1251 1290 1380 1323 flumina

1073 1341 1208 1374 Securus
1234 1339 1356 1379 excepit

1121 1393 1214 1429 atque
1230 1390 1368 1420 ventum.

896 1444 955 1477 6b.
978 1443 1053 1476 Sine
1076 1440 1140 1474 fine
1163 1441 1408 1481 permanentem,

979 1491 1101 1524 Cuncta-
1124 1489 1209 1521 bona
1233 1487 1451 1525 continentem,

1026 1538 1080 1571 Ad
1104 1537 1271 1569 coelestem

1075 1584 1253 1617 anhelando
1278 1582 1424 1623 patriam.

897 1639 954 1673 71).
972 1639 1016 1671 Et
1043 1638 1084 1670 de
1107 1637 1213 1677 rebuS,
1241 1644 1318 1676 quas
1342 1635 1493 1673 videmus,

978 1686 1069 1718 Nihil
1095 1684 1284 1725 congitando
1309 1682 1432 1722 terreis,

1025 1733 1176 1765 Divinam
1200 1730 1419 1764 aemulabatur

1072 1781 1258 1812 Veritatem.

897 1836 916 1868 8
923 1835 954 1868 b.
975 1834 1030 1866 Ad
1046 1835 1171 1873 petram
1181 1832 1316 1864 haerens
1325 1839 1414 1862 secus
1422 1830 1497 1861 litus

977 1881 1048 1914 Alis
1074 1880 1182 1919 aliqua
1206 1886 1321 1918 corpus

1026 1927 1204 1960 Pretiosum
1228 1924 1368 1965 protexit

1074 1973 1235 2005 divinitus,

896 2027 954 2060 9b.
974 2027 1041 2065 Qua
1065 2033 1124 2064 pro
1148 2031 1206 2055 sua

976 2069 1258 2111 Ingemiscentibus
1283 2068 1412 2099 miseria

976 2118 1107 2151 Festiva
1130 2117 1232 2149 virtus
1256 2116 1347 2148 adest

1023 2164 1207 2205 gratiarum.

871 2218 952 2252 10b.
975 2216 1039 2249 Hic
1061 2216 1188 2248 veniam

975 2263 1075 2303 Lapsi
1104 2264 1325 2303 promerentur

978 2312 1194 2352 Peccatorum,

976 2358 1091 2390 Futuri

977 2408 1139 2437 consortes
1162 2404 1357 2444 angelorum.
