1653 2632
678 150 939 184 —220—

587 242 654 274 295.
694 242 737 273 De
758 243 868 273 sancta
885 242 1019 274 Martha.

156 305 211 339 ia.
239 304 360 345 Gaude,
384 304 525 337 Martha.
552 306 583 335 et
606 304 736 344 laetare,
837 303 897 336 1b.
920 304 1016 342 Quem
1042 306 1077 334 tu
1105 303 1263 343 qnondam
1296 302 1464 342 suscepisti

236 352 430 392 Jucundare,
456 351 628 392 gratulare,
918 350 1021 383 Domo
1046 354 1102 382 tua
1127 354 1158 381 et
1182 350 1310 391 pavisti,

283 400 454 439 Jubilaque
480 399 627 436 Domino,
965 399 1075 431 Jesum
1101 397 1261 430 Christum
1285 397 1421 428 nomine.

154 458 208 489 2a.
236 457 296 495 Qui
320 465 378 496 pro
405 456 497 487 nobis
521 464 644 495 pauper
667 455 756 486 nasci
835 454 893 488 212.
914 454 1006 486 Licet
1032 457 1114 486 esset
1140 457 1172 486 et
1196 457 1245 485 est
1271 454 1369 492 dives,

233 503 389 543 Dignatus
416 506 446 533 et
471 512 491 534 a
513 505 546 533 te
570 502 659 541 pasci
918 503 1007 535 Sicut
1032 503 1082 533 cui
1106 502 1263 533 coelorum
1291 502 1375 533 cives

280 550 339 582 Est
363 550 450 581 Deus
475 549 646 589 piissimus,
963 550 1110 582 Psallunt
1135 552 1170 580 ut
1196 551 1242 580 est
1267 549 1414 588 optimus.

153 609 211 640 3a.
238 606 330 638 Solus
355 615 494 637 summus
518 605 587 636 sine
611 614 688 644 pare
835 606 893 640 31).
914 606 975 638 Est
998 607 1157 638 veraciter
1180 614 1332 646 regnare,

231 653 276 685 Et
300 656 457 692 aeternus,
484 660 574 692 quem
600 661 708 684 amare
915 653 992 685 Jesu
1017 653 1118 685 dulcis
1148 656 1180 684 et
1203 653 1380 693 praeclare,

278 701 322 732 Et
346 708 421 731 vere
447 699 579 739 diligere
961 701 1030 733 Fac
1050 709 1108 732 nos
1133 700 1194 732 tibi
1216 701 1334 733 vivere.

226 766 268 793 Mi
330 773 383 792 ms.
405 764 435 792 S.
454 765 560 793 Jac«›bi
579 765 721 791 Brunens.
744 762 788 791 12.
808 772 883 792 saec.
904 762 949 793 15.

577 855 644 886 296.
684 856 726 887 De
749 857 856 886 sancto
878 855 1021 887 Mar-tino.

153 924 208 956 la.
237 922 298 955 Cor
322 922 364 954 ad
387 922 513 953 laudem
539 921 750 960 redemptoris
835 921 893 955 1b.
917 924 1015 960 Quem
1039 921 1175 953 Turonis
1200 922 1376 963 tumulavit,

234 970 330 1002 Sonet
354 970 449 1010 intus,
475 969 584 1010 lingua
606 967 686 1000 furis
916 969 1081 1001 Pannonia
1104 969 1276 1008 generavit,

278 1016 412 1049 Martini
434 1016 614 1056 praeconia,
964 1015 1106 1047 Nutrivit
1130 1016 1235 1049 Italia.

153 1076 208 1107 2a.
234 1074 273 1105 In
295 1073 436 1105 Martino
463 1072 587 1105 Christo
612 1075 695 1103 teste
836 1072 893 1105 ab.
914 1072 1057 1104 Mentem
1081 1071 1182 1104 fastus
1206 1081 1270 1104 non
1294 1072 1420 1111 irrupit,

232 1121 275 1152 Et
299 1129 358 1160 pro
385 1119 509 1152 Christo
536 1127 628 1150 caesa
654 1122 742 1150 veste
920 1119 1049 1151 Sacrum
1076 1128 1190 1159 corpus
1215 1128 1279 1151 non
1303 1118 1446 1159 corrupit

283 1167 527 1201 Commendatur
546 1167 659 1206 pictas,
965 1166 1074 1198 Luxus
1100 1169 1132 1197 et
1157 1167 1302 1198 ebrietas.

152 1226 209 1257 3a.
235 1224 331 1256 ‚Miles
352 1232 443 1255 servo
469 1223 651 1259 deservivit,
835 1223 892 1257 sb.
915 1223 1002 1255 Pane
1025 1224 1111 1254 vitae
1135 1232 1263 1264 gregem
1284 1223 1373 1263 pavit

232 1271 375 1303 Tandem
396 1271 472 1310 jugo
498 1271 580 1301 colla
603 1270 693 1301 trivit
914 1271 1030 1302 Pastor
1054 1269 1157 1302 factus
1183 1274 1214 1302 et
1237 1271 1359 1310 potavit

282 1317 468 1350 Claustralis
492 1317 637 1357 inediae3
961 1318 1055 1357 Aqua
1078 1318 1263 1357 sapientiae.

152 1377 208 1408 4a.
234 1375 340 1413 Miles,
366 1374 504 1413 praesul,
531 1373 705 1410 coenobita,
833 1374 891 1407 4b.
916 1375 962 1406 Te
989 1375 1142 1407 cultorem
1165 1374 1318 1406 trinitatis

232 1422 365 1460 Triplex
389 1424 499 1460 status,
525 1421 645 1460 triplex
668 1421 736 1452 vita
915 1422 1015 1453 Trina
1038 1422 1141 1454 tribus
1165 1422 1326 1453 suscitatis

279 1470 318 1501 In
343 1471 375 1499 te
400 1467 525 1500 Christo
548 1468 687 1507 placuit3
963 1469 1072 1500 Virtus
1096 1478 1166 1501 esse
1191 1469 1307 1501 docuit.

152 1527 207 1559 5a.
234 1525 332 1557 Trino
356 1527 441 1556 statu
468 1524 647 1555 decertasti.
834 1525 892 1558 5b.
917 1526 989 1557 Tibi
1015 1535 1129 1558 nomen
1155 1529 1202 1557 est
1226 1526 1395 1565 Martinus,

236 1572 293 1604 Cui
318 1574 351 1603 te
374 1572 492 1603 trinum
518 1572 673 1610 coaptasti
916 1573 1007 1611 Quod
1031 1574 1062 1604 in
1079 1574 1198 1607 Christi
1220 1575 1322 1604 marte
1345 1573 1458 1612 trinus,

279 1619 392 1658 Senex,
419 1619 469 1650 vir
495 1622 525 1649 et
546 1619 689 1658 Juvenis;
964 1621 1031 1660 Ope
1054 1621 1142 1652 trina
1165 1620 1323 1652 subvenis.

152 1679 206 1711 6a.
229 1676 331 1708 Arma
353 1676 444 1707 miles
470 1675 683 1709 administras.
835 1676 893 1709 6b.
916 1677 1050 1709 Praesul
1077 1678 1171 1709 doces
1196 1680 1228 1708 et
1252 1677 1411 1717 objurgas,

234 1723 351 1763 Quibus
376 1722 483 1754 hostes
508 1726 538 1754 et
564 1723 708 1754 sinistras
917 1724 1091 1756 Coenobita
1113 1733 1210 1764 prece
1233 1734 1350 1765 purgas

282 1771 460 1803 Potestates
486 1770 640 1809 conteris3
962 1772 1054 1804 Zima
1075 1773 1161 1804 vitae
1185 1772 1313 1806 veteris,

151 1829 209 1860 7a.
235 1827 321 1867 Ergo
347 1825 457 1858 confer
481 1835 574 1866 opem
596 1827 724 1863 trinam,
835 1827 891 1860 7b.
914 1828 982 1860 Nos
1006 1838 1066 1868 pro
1092 1829 1193 1869 culpis
1218 1838 1280 1861 non
1307 1829 1430 1868 culpari

230 1876 340 1914 Arma,
365 1883 477 1914 preces
501 1877 534 1905 et
560 1874 746 1914 doctrinam,
916 1875 980 1907 Sed
1006 1877 1151 1908 eoelestis
1177 1877 1328 1908 collocari

279 1922 380 1961 Muni,
405 1922 533 1961 munda,
558 1921 698 1961 instrue;
961 1921 1030 1955 Fac
1053 1924 1087 1955 in
1111 1924 1181 1955 loco
1206 1932 1353 1963 pascuae.

218 1987 334 2014 Prosar.
355 1995 409 2013 ms.
431 1987 617 2014 Franciscan.
639 1995 714 2014 saec.
737 1985 781 2014 14.
805 1986 874 2014 Ood.
893 1988 1053 2015 Parisiens.
1078 1986 1160 2016 1339.
1182 2005 1219 2008 —
1237 1989 1295 2015 Mit
1313 1988 1383 2016 Mel.

580 2088 645 2118 297.
687 2088 728 2119 De
749 2089 855 2119 saneto
877 2088 1028 2119 Maudeto.

153 2158 209 2192 la.
237 2157 457 2190 Collaudemus
474 2159 583 2192 Jesum
604 2158 773 2198 Christum,
834 2158 895 2192 lb.
921 2158 983 2190 Die
1005 2168 1142 2199 namque
1164 2160 1320 2191 hodierna

236 2204 295 2243 Qui
319 2205 437 2237 dicavit
462 2206 546 2237 diem
569 2206 666 2237 istum
916 2207 1106 2238 Translatus
1132 2209 1182 2238 est
1205 2207 1247 2238 ad
1270 2215 1410 2246 superna

279 2252 426 2284 Maudeti
449 2253 599 2293 laetitiae,
962 2253 1013 2285 De
1037 2254 1122 2286 valle
1146 2254 1305 2285 tristitiae.

151 2309 209 2341 2a.
236 2308 343 2348 Stirpe
366 2311 459 2342 natus
485 2310 525 2341 de
548 2309 649 2350 regali
834 2308 896 2342 2b.
915 2309 1018 2342 Exsul
1041 2311 1152 2351 paucis
1179 2310 1343 2341 comitatus

231 2355 340 2395 Regno
363 2356 457 2387 cessit
480 2357 659 2396 temporali,
916 2358 980 2390 Per
1003 2360 1049 2389 tot
1072 2356 1186 2389 fluctus
1212 2360 1259 2389 est
1285 2357 1409 2389 delatus

280 2402 440 2442 Linquens
464 2403 543 2435 fines
567 2404 702 2444 patriae.
961 2405 1000 2436 111
1021 2414 1137 2445 pagum
1162 2403 1342 2437 Trecoriae.
