1653 2632
684 125 923 160 -94—

157 224 217 256 4a.
243 223 306 255 Pro
330 223 470 263 peccatis
494 231 609 263 precor
632 231 716 262 reus,
836 219 898 253 410.
922 218 1015 250 Licet
1037 216 1105 248 vita
1130 221 1180 245 me
1204 212 1357 251 ineptum,

241 270 311 302 Tua
335 279 431 310 prece
453 273 490 302 ut
514 272 546 302 et
569 270 656 302 Deus
922 265 1043 297 Tamen
1068 261 1136 293 Deo
1162 259 1215 291 fac
1239 260 1414 297 acceptum,

290 317 373 349 Mihi
400 318 557 350 condonet
581 316 690 358 gaudii
969 310 994 342 O
1020 309 1139 349 Agnes,
1166 304 1345 338 odoriferus

337 365 399 396 Tui
423 364 636 405 participium.
1017 356 1096 389 Flos
1122 356 1153 386 et
1178 354 1273 385 decor
1297 351 1464 391 virginum.

236 429 301 456 Mis*
313 450 319 456 .
339 437 393 456 ms.
412 429 594 456 Voraviense
614 425 658 455 35.
678 435 754 454 sace.
778 423 821 452 14.

610 536 665 568 115.
704 538 749 568 De
769 534 877 567 sancto
897 531 1016 564 Alexio.

169 609 226 641 la.
254 606 439 638 Gratuletur
464 607 548 637 totus
572 606 718 645 mundus,
849 603 907 636 lb.
929 603 992 635 Per
1017 609 1109 641 quem
1127 598 1260 639 quisque
1279 594 1471 634 consolatur,

250 653 359 685 Omnis
384 652 477 683 homo
501 652 544 682 sit
564 652 723 690 jucundus
929 649 1105 682 Tribulatis
1130 647 1176 679 nil
1200 646 1335 684 negatur

300 699 339 731 ln
364 697 446 730 festo
470 698 589 736 Alexii,
977 696 1016 728 In
1037 695 1149 736 poenis
1176 692 1290 725 exsilii.

169 758 231 789 2a.
259 756 338 789 Cum
362 756 512 794 parentes
535 754 582 785 sie
604 753 761 791 laborant,
852 752 911 784 2b.
934 752 1000 790 Quo
1023 752 1167 783 Romana
1190 749 1282 790 plebs
1306 748 1455 785 laetatur,

252 804 316 836 Pro
342 801 482 833 haerede
504 800 609 832 Deum
634 803 735 835 orant,
934 799 1040 830 Patris
1065 798 1160 829 turba
1181 795 1385 836 jucundatur,

303 849 409 881 Datur
434 848 479 879 eis
503 846 599 886 filius,
986 844 1125 875 Vocatur
1149 844 1292 875 Alexius.

173 908 230 940 3a.
257 906 407 939 Studiose
434 904 614 936 ablactatus
860 900 919 933 ssb.
942 899 1027 931 Dum
1051 902 1174 930 secreta
1194 899 1276 938 petit
1298 897 1394 935 thori,

258 953 375 994 sponsi
394 953 465 992 pari
492 951 656 990 copulatus
942 946 1028 978 Huic
1053 945 1192 977 convivit
1214 948 1251 975 ut
1274 943 1386 981 sorori,

306 1000 461 1033 Traditur
488 998 651 1038 eonjug103
990 992 1087 1033 Fugit
1112 1001 1131 1023 a
1155 990 1320 1024 connubio.

174 1060 233 1093 4a.
261 1059 377 1099 Sicque
401 1057 491 1097 virgo
518 1055 668 1088 viduatur
863 1050 923 1084 4b.
947 1050 1118 1081 Voluntate
1144 1048 1333 1085 denudatur,

257 1106 304 1139 Ut
322 1105 440 1147 Maria,
469 1104 632 1136 desolatur
947 1097 1020 1129 Non
1045 1099 1081 1128 ut
1105 1095 1226 1135 Joseph
1249 1093 1459 1127 venumdatur

308 1152 424 1185 Mariti
448 1151 572 1191 solatio,
994 1144 1105 1184 Longo
1129 1152 1205 1175 usus
1230 1142 1343 1182 spatio.

180 1213 236 1245 5a.
259 1210 403 1243 Tandem
428 1209 480 1240 hic
506 1208 548 1239 ad
573 1216 631 1238 sua
653 1206 722 1243 ivit,
866 1203 926 1237 512.
947 1203 1104 1235 Praesens
1123 1201 1213 1232 deest
1229 1199 1341 1230 haeres
1359 1196 1487 1235 Christi,

263 1259 350 1296 Quae
374 1258 449 1288 sunt
473 1264 531 1287 sua
555 1263 618 1286 non
637 1251 803 1293 quaesivit,
951 1249 1112 1281 Generosa
1136 1256 1254 1287 sponsa
1281 1246 1368 1277 tristi

310 1305 341 1336 A
366 1306 459 1343 patre
485 1301 664 1342 colligitur-3
994 1296 1089 1328 More
1111 1295 1196 1326 hunc
1221 1293 1403 1333 alloquitur,

180 1364 236 1396 6a.
264 1361 383 1394 Subtus
409 1359 543 1400 gradum
571 1357 757 1393 collocatur,
869 1354 928 1387 6b.
949 1352 1057 1386 Valde
1076 1351 1115 1384 fit
1139 1350 1377 1392 opprobriosus,

263 1409 371 1448 Pater,
397 1409 500 1438 mater
521 1406 606 1437 hunc
632 1403 747 1436 affatur
950 1400 1039 1433 Vixit
1064 1399 1142 1431 satis
1168 1399 1295 1430 odiosus

310 1456 543 1495 cognoscentes
567 1452 714 1491 minime,
997 1447 1155 1487 Propriae
1180 1445 1331 1477 familiae.

182 1515 238 1547 Va.
264 1512 416 1546 Inaudita
440 1510 526 1543 fama
550 1510 635 1547 talis,
872 1505 932 1539 7b.
953 1504 1072 1544 Quibus
1097 1503 1195 1544 signis
1222 1511 1328 1535 coram
1353 1505 1457 1541 patre,

266 1561 409 1600 Quantus
427 1559 470 1589 sit
487 1560 543 1590 aut
559 1559 687 1589 sanctus
705 1555 807 1595 qualis
954 1553 1069 1585 Coram
1095 1560 1222 1593 sponsa,
1250 1558 1357 1582 coram
1380 1551 1493 1586 matre,

311 1607 391 1647 Ejus
416 1608 519 1638 morte
543 1604 667 1646 patuit;
1002 1600 1113 1633 Coram
1142 1598 1264 1630 cunctis
1290 1597 1415 1629 clarm't.

183 1667 240 1700 Sa.
268 1665 293 1697 O
319 1663 426 1704 Alexi,
450 1663 500 1694 his
522 1661 683 1702 adjunctis
871 1657 930 1693 8b.
953 1656 1000 1690 Ut
1023 1657 1057 1688 in
1081 1656 1200 1688 mundo
1225 1655 1272 1686 sic
1295 1655 1461 1692 laetemur,

267 1712 370 1744 Nobis
395 1711 477 1743 vivis
501 1710 554 1741 vel
581 1707 739 1741 defunctis
955 1704 1047 1745 Quod
1072 1713 1091 1736 a
1114 1703 1206 1735 malis
1231 1702 1452 1741 secundemun

318 1759 440 1792 Cuncta
462 1758 548 1790 mala
573 1756 696 1798 pellito,
1005 1751 1206 1785 Salvatorem
1228 1749 1359 1783 flectito.

260 1826 313 1852 Mi„
325 1833 345 1851 1.
368 1833 421 1851 mr.
435 1823 618 1851 'V-›raviense
638 1819 674 1849 35
697 1828 773 1848 saec.
796 1817 841 1847 14.
861 1832 899 1837 —
919 1815 973 1853 3a,
986 1815 1004 1844 2
1024 1818 1103 1853 patri
1118 1816 1273 1852 copulatus
1287 1815 1341 1842 Hs.
1359 1828 1391 1833 —
1414 1813 1462 1848 5a,
1484 1812 1498 1841 1

184 1865 231 1892 his
252 1863 289 1891 ad
311 1863 365 1890 Hs.
446 1860 483 1889 Ga
520 1860 533 1889 1
558 1860 709 1896 colligitur
729 1859 781 1886 Hs.
803 1873 841 1878 —
860 1856 912 1892 7a,
935 1854 950 1884 1
971 1856 1058 1883 famis
1078 1856 1132 1883 Ηε.

640 1969 694 2001 116.
734 1969 777 2000 De
799 1969 909 2001 saneto
931 1967 1052 1999 Alexio.

190 2043 207 2075 1
221 2051 248 2074 a.
277 2042 383 2074 Corde
407 2043 492 2074 laeto
514 2042 696 2082 jubilemuS,
879 2038 938 2071 lb.
960 2038 1020 2077 Qui
1044 2037 1207 2069 mundana
1232 2035 1463 2075 contemnebat,

272 2089 374 2121 Plena
396 2097 474 2121 voce
495 2096 712 2126 consonemuS‚
960 2085 1029 2117 Deo
1054 2087 1140 2116 totus
1165 2083 1373 2123 adhaerebat,

273 2135 333 2173 Qui
356 2135 486 2166 beatum
510 2136 701 2167 honoremus
960 2131 1043 2164 Nam
1067 2140 1131 2163 non
1156 2130 1232 2162 ficte
1257 2130 1442 2170 requirebat

319 2181 365 2213 Et
389 2184 535 2213 sanctum
559 2181 720 2219 Alexim,
1007 2180 1128 2218 Jesum,
1156 2178 1219 2209 Dei
1242 2176 1353 2209 filium.

191 2238 248 2269 2a.
275 2237 359 2268 Vere
384 2238 498 2276 plenus
524 2238 668 2279 caritate,
880 2235 941 2268 ab.
963 2235 1077 2267 Flores
1103 2234 1243 2274 probant
1269 2233 1439 2275 castitatis,

273 2283 369 2315 Vitae
393 2282 510 2315 florens
536 2284 692 2322 castitate,
962 2283 1088 2314 Docent
1111 2281 1203 2321 signa.
1227 2280 1380 2318 caritatis,

272 2329 460 2361 Adornatus
484 2332 676 2369 paupertate
964 2328 1107 2367 Quantae
1130 2328 1198 2367 jam
1223 2327 1266 2358 sit
1294 2326 1459 2366 dignitatis

321 2375 510 2407 Mendicum
533 2375 570 2407 fit
595 2376 720 2414 socius;
1010 2376 1078 2407 Iste
1101 2374 1153 2406 vir
1179 2373 1334 2413 egregius
