1653 2632
680 128 943 164 —193—

152 220 208 252 9a.
238 220 400 264 Sanctum,
416 222 552 265 Christe,
567 227 781 265 perpapatem
842 226 900 259 9b.
921 226 1023 259 Nobis
1047 231 1122 268 post
1145 228 1407 261 sacramentalem

235 267 390 302 Nostram
416 279 491 311 rege
515 272 716 315 pravitatem,

235 315 356 349 Mentis
382 317 474 350 aufer
499 319 693 362 caecitatem,

237 362 352 397 Cordis
379 364 489 398 confer
512 367 684 406 puritatem

283 411 396 445 Carnis
422 414 671 446 sanctimoniam.

921 275 1063 316 Pastum,
1089 279 1210 318 pastor⁷
1235 276 1429 308 aeternalem

921 321 990 362 Da,
1014 331 1074 362 pro
1099 322 1211 363 quibus
1236 323 1445 363 temporalem

922 369 987 401 Per
1009 370 1168 402 alumnum
1193 370 1381 411 virginalem

970 416 1065 457 Capis
1090 417 1280 452 alimoniam.

227 475 311 504 Miss.
341 486 395 505 ms.
419 477 656 516 Eberspergense
684 487 760 508 saec.
786 478 832 508 15.
858 480 926 508 Cod.
951 482 1118 510 Monacens.
1145 480 1228 511 5875.
1253 483 1292 509 A.
1318 497 1355 501 —
1379 483 1462 510 Miss.

149 522 203 541 ms.
229 514 410 543 Monacense
434 514 543 545 23276.
568 525 645 545 saec.
671 516 716 545 15.
742 518 776 545 Β.
803 535 840 538 -
869 517 927 551 la,
950 518 964 547 1
987 519 1098 547 Christi
1119 520 1183 555 jam
1209 522 1350 549 victorem
1371 520 1405 547 A.
1426 534 1465 539 --

150 549 207 586 212,
231 550 246 579 1
272 553 327 580 Vir
352 556 470 582 sanctus
495 554 530 581 A.
558 569 597 574 -—-
622 553 678 589 3a,
701 553 716 582 1
741 556 768 583 A
793 558 947 584 veritatem
971 557 1011 593 B;
1040 557 1221 586 Sammariae
1246 559 1280 586 A.
1308 573 1342 577 -—
1368 557 1423 593 3a,
1445 555 1464 586 3

151 589 238 617 (lictis
258 590 333 618 fehlt
352 592 387 619 B.
408 606 445 611 -—
464 590 519 627 4b,
539 590 558 619 2
578 593 640 620 Nec
659 595 830 628 mysterium
848 595 883 622 A.
902 609 941 613 —
960 593 1012 631 5b,
1033 593 1051 623 3
1071 595 1145 624 lucis
1165 596 1201 624 A.
1223 613 1260 617 —-
1280 595 1331 631 6a,
1353 595 1370 624 3
1390 596 1465 623 fehlt

150 627 184 655 B.
205 643 244 647 -—
263 628 315 663 710,
335 627 354 657 3
373 630 463 657 Fabri
483 631 516 658 B.
539 645 575 649 -—
598 628 650 664 8a,
671 629 689 657 2
710 639 826 659 cassum
848 632 922 659 fehlt
940 633 973 660 B.
993 647 1032 652 ·—
1052 631 1103 669 810,
1125 632 1139 661 1
1162 636 1255 662 nostri
1275 636 1353 671 reg-is
1371 635 1404 662 B.
1425 648 1463 653 —

152 663 206 699 9a,
229 664 244 693 1
265 675 318 702 per
337 675 444 703 papam
464 668 499 694 A.
521 682 557 687 —
577 666 628 703 9b,
649 667 668 696 4
687 668 775 697 Pacis
797 670 939 698 alimonia
959 671 995 698 A.

594 777 660 809 258.
702 778 746 810 De
767 781 874 811 sancto
895 780 1017 820 Joseph.

151 845 207 879 la.
235 844 421 878 Jucundare
449 847 541 887 plebs
565 847 681 889 fidelis,

147 1046 194 1077 2a

146 1244 202 1276 3a.

140 1441 198 1474 4a.

141 1640 197 1672 5a.

139 1838 196 1870 6a.

135 2037 191 2070 7a.

130 2237 187 2270 8a.

234 892 330 933 Cujus
355 896 450 934 pater
474 897 522 926 est
545 895 579 927 in
604 896 711 936 caelis,

231 939 354 981 Joseph
378 950 457 973 voce
483 941 642 974 Gabrielis

278 988 447 1020 Allocutus
471 989 608 1029 saepius.

197 1071 203 1078 .
231 1044 368 1076 Sanctus
394 1047 443 1077 est
467 1044 693 1087 sanctificatus,

229 1091 315 1123 Dum
339 1090 464 1124 Mariae
488 1093 626 1124 sociatus

228 1138 293 1171 Pro
318 1139 437 1171 virtute
463 1139 636 1172 coelibatus

276 1186 379 1218 Deum
403 1187 528 1226 prolem
551 1187 680 1229 habuit;

230 1242 328 1274 Pater
351 1243 372 1275 J
375 1251 430 1274 esu
455 1244 676 1284 nominandus,

228 1291 259 1322 A
285 1299 345 1330 quo
367 1299 447 1330 puer
471 1290 673 1332 bajulanduS,

224 1337 349 1378 Angelo
375 1336 610 1378 certificanduS,

273 1384 397 1425 Dignus
424 1387 547 1417 constat
572 1385 727 1418 omnibus.

225 1441 388 1482 Virginem
413 1441 496 1473 hanc
519 1443 743 1483 permansisse,

226 1488 316 1521 Sicut
338 1489 494 1529 virginem
521 1489 659 1529 duxisse,

222 1536 449 1577 virginemque
472 1537 655 1577 concepisse

271 1584 405 1616 Foetam
429 1586 539 1616 sancto
565 1584 690 1624 spiritu.

224 1639 314 1681 Rege
339 1641 419 1672 coeli
443 1640 490 1672 ibi
514 1643 600 1681 nato,

221 1686 410 1720 Diversorio
434 1688 549 1726 locato,

222 1734 261 1765 In
286 1735 436 1774 praesepi
461 1735 616 1767 reclinato

269 1781 390 1821 Joseph
415 1790 541 1821 semper
565 1781 687 1823 adfuit;

225 1838 365 1878 Cumque
388 1838 473 1878 magi
497 1838 700 1870 advenissent

220 1884 419 1925 Muneraque
446 1886 636 1917 detulissent

219 1932 265 1964 Et
288 1933 444 1965 admoniti
468 1932 620 1973 abissent,

267 1980 368 2012 Dedit
388 1981 468 2013 haee
492 1981 696 2021 pauperibus.

218 2036 264 2070 Ut
288 2037 406 2070 lateret
432 2046 501 2069 cum
525 2040 659 2078 parente

216 2085 311 2118 Jesus
336 2094 411 2125 rege
436 2085 606 2126 saeviente,

215 2132 338 2172 Joseph
364 2133 476 2173 angelo
495 2136 644 2166 monente

263 2181 301 2213 In
327 2181 510 2221 Aegyptum
534 2180 624 2213 abiit.

212 2237 335 2278 Joseph
360 2238 464 2278 gentis
488 2237 730 2281 firmamentum,

213 2285 328 2326 Populi
357 2285 616 2324 stabilimentum,

211 2333 346 2366 Lustrat
370 2336 462 2366 vetus
487 2336 711 2366 testamentum

262 2382 308 2416 Ut
331 2382 464 2414 lucerna
487 2381 678 2423 splendida3

186 2442 312 2469 Dreves,
327 2441 472 2471 Sequentiae
485 2440 600 2464 Ineditae.
629 2440 661 2464 11.

836 849 893 884 lb.

833 1046 892 1079 2b.

830 1243 888 1277 3b.

826 1441 886 1475 4b.

826 1640 883 1674 5b.

825 1838 882 1872 6b.

822 2038 880 2071 7b.

820 2238 879 2273 8b.

917 850 1012 883 Ortus
1037 851 1138 890 stirpe
1161 852 1354 893 prophetali,

917 897 1040 937 Dignus
1066 896 1127 929 fuit
1149 898 1245 930 laude
1269 899 1337 941 tali,

916 944 1051 976 Junctus
1075 946 1171 977 matri
1194 946 1343 986 virginali

961 991 1064 1023 Verus
1089 992 1195 1025 David
1220 992 1314 1024 filius.

915 1047 1090 1087 Evangelio
1115 1051 1253 1080 testante

914 1095 1024 1127 Justus
1050 1098 1124 1126 actu
1147 1094 1208 1127 fuit
1231 1099 1314 1137 ante,

914 1141 974 1180 Qui
998 1142 1105 1174 Maria
1126 1143 1192 1182 jam
1217 1147 1412 1184 praegnante

959 1188 1012 1220 Ab
1037 1189 1099 1221 hac
1122 1190 1170 1221 ire
1193 1190 1303 1224 voluit.

911 1244 1032 1277 Nolens
1056 1254 1206 1285 sponsam
1230 1255 1381 1279 accusare

913 1292 1124 1332 cogitansque
1148 1294 1318 1334 occultare,

911 1338 1104 1371 Monebatur
1129 1343 1297 1380 acceptare

958 1386 1039 1418 Eam
1065 1387 1193 1428 dignam
1216 1388 1368 1423 moribus,

909 1442 1001 1474 Tunc
1025 1443 1185 1483 accipiens
1209 1444 1347 1477 Mariam

908 1489 1010 1522 Duxit
1032 1491 1105 1530 pius
1130 1491 1183 1530 pie
1207 1491 1302 1532 piam,

907 1536 1089 1569 Pan'turam
1108 1538 1202 1578 juxta
1226 1539 1310 1571 viam

956 1584 1144 1617 Bethlehem
1169 1586 1202 1617 in
1228 1587 1325 1620 exitu.

906 1641 984 1673 Jesu
1007 1651 1122 1675 nomen
1146 1643 1338 1683 imponebat,

906 1687 1031 1720 Forsan
1057 1692 1089 1721 et
1113 1690 1371 1732 circumcidebat,

907 1735 1049 1775 Sponsus
1070 1737 1319 1778 sanguinumque
1342 1737 1451 1783 flebat,

954 1783 1111 1823 Quantum
1136 1784 1243 1816 Adam
1265 1786 1389 1819 meruit.

907 1840 945 1871 In
970 1838 1193 1879 purificatione

905 1887 1123 1926 Prophetante
1147 1887 1294 1921 Simeone

905 1933 1029 1966 Humili
1056 1943 1126 1967 cum
1150 1935 1312 1969 oblatione

951 1982 1049 2014 Venit
1074 1991 1144 2014 cum
1168 1984 1355 2017 turturibus.

904 2038 1033 2079 Septem
1058 2042 1202 2080 tempora
1226 2044 1399 2083 mutantur,

904 2086 988 2118 Dum
1012 2086 1133 2119 ibidem
1160 2092 1387 2121 conversantur

902 2134 993 2177 Tres,
1020 2134 1074 2175 qui
1097 2145 1195 2167 unum
1212 2140 1444 2179 computantur,

951 2181 1098 2222 Hincque
1122 2183 1224 2223 quivis
1247 2184 1353 2216 rediit.

900 2239 984 2271 Erat
1007 2249 1134 2272 sumens
1160 2241 1240 2273 coeli
1264 2245 1384 2283 gustus,

900 2286 1033 2319 Morans
1058 2296 1128 2320 cum
1152 2289 1259 2321 Maria
1280 2289 1395 2333 justus,

901 2334 988 2374 Quae
1013 2338 1062 2367 est
1084 2336 1182 2368 rubus
1207 2337 1423 2371 incombustus

949 2382 1104 2416 Castitate
1126 2383 1252 2419 florida.
