1653 2633
211 199 266 230 4a.

211 397 266 429 5a.

204 792 260 823 7a.

198 1032 252 1070 310,

202 1235 257 1267 la.

200 1387 256 1418 3a.

198 1539 255 1570 42..

199 1737 255 1769 5a.

198 1983 253 2015 6a.

198 2227 253 2259 7a.

742 104 978 139 -16-

293 197 488 230 Alimentum
514 198 629 230 clausis
654 199 732 231 seris

293 245 397 277 intrat
421 246 524 277 laeum
550 245 704 285 Danielis,

293 292 371 325 Cum
398 292 440 324 ad
465 291 565 324 fatum
591 292 750 325 Gabrielis

340 339 478 371 Verbum
503 339 592 380 virgo
619 341 765 381 concipit.

293 397 332 428 In
356 396 458 437 figura
482 397 561 428 haec
583 397 747 437 praejacta

291 444 330 476 In
353 443 461 475 Maria
486 444 608 475 clarent
631 447 703 476 acta

292 490 406 530 Sicque
430 491 534 530 prima
558 495 691 531 surgunt
713 493 810 531 pacta

337 538 501 576 Quondam
525 538 612 577 rupti
637 537 786 571 foederis.

291 594 387 626 Alma
410 595 508 634 virgo,
536 603 609 635 ergo
634 597 743 627 natum

289 641 356 673 Tuo
377 642 453 681 jugo
480 639 531 673 fac
556 641 760 684 substratum,

287 688 354 720 Reo
379 689 464 720 nudo
489 687 542 720 fac
564 689 726 728 placatum

335 736 445 768 Precis
471 738 545 767 tuae
570 745 709 772 munere.

288 791 359 831 EJ'a,
385 794 496 832 portus
521 793 679 833 salutaris,

288 838 370 871 Solis
394 842 491 878 ortus,
518 840 573 872 lux
597 842 747 884 stellaris,

287 886 358 918 Duc
381 895 440 926 per
464 885 577 919 fluctus
602 889 689 920 saevi
712 890 809 922 maris

335 933 508 966 Nutantem
532 936 719 971 naviculam.

892 199 949 232 4b.

891 396 949 430 5b.

889 595 947 629 6b.

888 796 945 831 7b.

972 199 1082 231 Rubus
1107 200 1201 232 ardet
1224 200 1282 232 sed
1306 209 1369 232 non
1400 201 1496 241 cedit,

973 247 1102 279 Fornax
1127 245 1232 280 fervet
1255 247 1313 279 sed
1337 256 1401 279 non
1424 248 1515 289 ledit,

973 293 1069 333 Virgo
1094 296 1188 334 paret
1213 297 1244 326 et
1268 303 1331 326 non
1354 295 1440 334 perit

1019 341 1147 373 Puritas
1172 342 1231 373 sed
1252 341 1390 381 proficit.

971 397 1119 430 Altitudo
1144 398 1327 438 inclinatur,

971 445 1039 477 Pax
1065 445 1193 486 captiva
1215 445 1390 482 nuntiatur.

971 492 1142 525 Fortitudo
1167 502 1241 525 nam
1263 493 1381 533 ligatur

1018 540 1058 572 Vi
1082 540 1208 581 puellae
1234 541 1363 573 teneris,
1417 557 1431 574 ι

968 596 1089 629 Manna
1115 597 1232 642 divum⁷
1260 598 1344 638 quod
1370 597 1494 636 cibasti,

970 645 1106 677 Fontem
1122 645 1239 686 vivum,
1265 653 1359 685 quem
1374 644 1512 685 lactasti,

969 691 1104 724 Dulcem
1120 693 1233 734 rivum,
1259 701 1352 733 quem
1367 692 1501 734 gustasti

1017 739 1124 780 Larga
1147 750 1243 772 manu
1266 740 1382 773 tribue.

968 795 1180 837 Naufraganti
1205 797 1249 829 sis
1275 799 1427 837 tutamen,

968 843 1144 876 Laboranti
1168 845 1211 876 sis
1236 845 1391 885 levamen,

968 890 1107 923 Exeunti
1132 891 1175 923 sis
1197 892 1348 932 J'uvamen

1017 938 1176 979 Pergendi
1201 939 1243 971 ad
1268 940 1405 979 patriam

279 997 365 1025 Grad.
393 1007 445 1026 ms.
472 999 635 1028 Graecense
655 999 700 1029 36.
727 1009 802 1029 saec.
827 1001 871 1030 14.
892 1017 929 1021 —
950 1001 1000 1039 lb,
1021 1002 1041 1030 4
1063 1003 1159 1039 jubilo
1178 1019 1218 1023 —
1237 1002 1288 1039 2³,
1310 1002 1328 1032 3
1347 1005 1445 1032 virum
1474 1019 1513 1024 —

277 1034 291 1063 1
311 1036 406 1063 Mater
425 1037 529 1065 vellus.

662 1112 689 1143 9.
730 1112 765 1144 In
784 1113 963 1154 Epiphania
986 1114 1042 1146 DN.

749 1184 780 1216 1.
803 1184 920 1224 Psalle,

284 1235 392 1267 Turba
415 1244 532 1269 canora
885 1241 943 1274 2b.

282 1280 427 1323 fratrum,
453 1294 537 1316 nunc
564 1286 669 1318 dulcia

284 1330 407 1362 cantica

285 1386 345 1425 Qui
370 1395 404 1418 se
428 1391 536 1420 natum
558 1391 664 1429 patria
883 1393 941 1428 3b.

284 1434 548 1468 Bethlehemitica

284 1481 427 1514 declarat
450 1492 533 1515 nova
554 1493 613 1524 per
637 1486 744 1519 sidera

285 1537 406 1579 Gaude,
433 1539 627 1581 Bethlehem,

279 1585 374 1617 urbes
401 1587 485 1619 inter
509 1589 620 1632 electa,

281 1641 362 1673 quae
385 1637 565 1668 monstrans

280 1681 363 1721 regis
389 1683 572 1722 crepundia.

281 1737 373 1780 Quid,
399 1739 555 1780 Herodes,
581 1744 692 1775 tenera

279 1793 450 1824 puerorum
477 1796 611 1828 corpora

280 1835 385 1865 mente
409 1837 528 1867 mactas
554 1836 691 1869 rabida?

280 1888 357 1919 quos
381 1882 522 1926 perimis,

278 1928 412 1960 meliora
435 1933 544 1963 tenent
568 1933 703 1967 saecula.

280 1982 403 2016 Judaea
426 1987 517 2026 plebs
541 1988 699 2031 indurata,

279 2035 432 2070 perpetuo
457 2035 632 2077 vulnerata,

278 2077 418 2111 lacrimis
444 2081 515 2113 dele
536 2083 603 2122 jam

279 2128 405 2163 patrata

277 2172 370 2204 toties
395 2175 525 2209 scelera.

279 2227 330 2260 Da
354 2230 478 2263 miseris
502 2235 645 2272 praemia

277 2275 444 2317 indulgens
472 2279 588 2322 debita,

279 2325 333 2363 qui
355 2326 466 2357 mundi
490 2328 573 2367 geris
600 2330 725 2372 delicta,

280 2379 373 2403 carne
397 2375 484 2405 satus
508 2375 643 2415 viginea.

881 1546 940 1579 4b.

880 1747 938 1780 5b.

878 1994 936 2028 6b.

878 2242 935 2274 7b.

964 1242 1182 1274 Melodemata

965 1289 1162 1329 Dominoque
1183 1290 1260 1330 juga

963 1336 1151 1376 rhythmica.

963 1394 1013 1426 Ac
1036 1393 1132 1426 hodie
1155 1394 1290 1434 myst-ica

963 1450 1126 1481 magorum
1150 1450 1282 1474 munera

963 1488 1042 1521 fecit
1066 1497 1135 1521 esse
1159 1489 1222 1521 sibi
1247 1498 1395 1530 congrua.

962 1546 1025 1579 Hic
1048 1546 1247 1587 Emmanuel,

962 1594 1015 1626 hic
1038 1594 1141 1635 Jesus,
1168 1594 1235 1627 vita
1257 1598 1378 1638 nostra,

963 1642 1101 1675 salvabit

961 1690 1094 1730 propria
1117 1689 1251 1731 agmina.

960 1747 1033 1780 Non
1058 1756 1117 1788 per
1140 1750 1196 1780 tua
1219 1750 1364 1788 tempora

961 1794 1039 1827 fient
1064 1799 1138 1828 vota
1161 1798 1308 1837 pessima,

961 1843 1018 1875 sed
1043 1844 1149 1884 proles
1175 1846 1348 1886 aequivoca

960 1895 1154 1931 praeconata

958 1939 1082 1972 videbit
1107 1942 1209 1973 crucis
1234 1944 1397 1983 mysteria.

959 1995 1044 2029 Saxa
1068 2002 1201 2038 crepant
1222 1999 1421 2042 tremefacta,

959 2044 1147 2077 scinduntur
1171 2046 1245 2078 vela
1270 2048 1383 2088 divisa,

958 2091 1090 2123 Herode
1112 2094 1256 2132 quaesita

958 2141 994 2169 tu
1018 2148 1114 2178 paras

957 2185 1092 2219 Domino
1119 2187 1240 2222 funera.

958 2241 1109 2276 Salvifioa
1134 2254 1269 2286 corpora

957 2298 995 2321 ao
1018 2295 1141 2324 mentes
1166 2294 1208 2326 ad
1232 2297 1320 2327 astra

956 2341 1059 2382 porta,
1087 2350 1148 2381 quo
1171 2347 1302 2376 manent
1325 2347 1443 2386 gaudia

958 2386 1026 2417 sine
1049 2386 1113 2420 fine
1136 2392 1306 2425 manentia.
