1653 2632
716 121 976 156 —208—

217 228 272 259 6a.
298 225 403 264 Felix,
428 232 487 263 per
512 230 603 262 quem
627 220 707 252 visio
896 216 954 250 6b.
975 214 1097 247 Tobiae
1122 211 1244 244 collirio

294 271 395 311 Ligno
422 270 523 302 crucis
547 267 678 308 praevio
976 261 1073 301 Usus,
1098 268 1158 300 per
1181 267 1273 299 quem
1299 258 1387 290 senio

348 317 456 350 Caecis
481 317 688 353 restauratur,
1026 307 1120 341 Patri
1143 307 1248 338 lumen
1276 306 1379 338 datur.

217 377 270 408 7a.
296 375 388 407 Jacet
410 373 525 405 vinclis
549 371 710 411 religatus,
898 366 956 400 71).
978 363 1175 399 Verberibus
1199 363 1357 395 laceratus

298 420 484 454 Carceribus
509 418 707 457 mancipatus
979 412 1082 452 Super
1104 411 1216 451 prunis
1240 413 1289 442 est
1313 412 1437 441 assatus

344 468 416 500 Diri
443 467 534 506 jussu
557 464 659 503 Decii,
1026 458 1176 491 Mortalis
1203 457 1355 490 incendii.

216 527 272 559 Sa.
299 524 322 556 Ο
349 532 442 563 quam
467 520 613 553 fervebat
635 519 751 551 ardore
898 516 956 550 8b.
981 515 1130 548 Gaudens
1154 515 1228 555 igne
1250 517 1409 553 tamquam
1428 520 1502 545 rore

301 569 450 603 Caritatis
476 571 507 599 et
530 568 639 607 vigore
979 563 1155 595 Puerorum
1179 562 1276 593 trium
1299 569 1387 593 more

343 616 438 649 Fidei
461 614 604 653 interius,
1029 610 1195 643 Crematus
1220 608 1371 643 exterius,

216 676 271 708 9a.
296 673 424 706 Laudes
451 680 525 712 ergo
548 669 732 711 Laurentio,
898 666 956 700 9b.
976 667 1112 699 Florens
1139 666 1287 707 dogmate
1310 665 1410 704 vario,

297 720 356 759 Qui
379 720 413 751 111
439 718 534 750 coelis
557 717 711 756 martyrio
977 714 1045 746 Ens
1073 714 1162 754 virgo
1187 715 1273 745 serto
1297 712 1392 743 tertio

344 767 529 805 Laureatur,
1025 762 1213 793 Decoratur.

191 825 269 858 loa.
295 823 390 863 Hinc,
418 820 583 860 Laurenti,
608 822 702 860 pater
721 819 814 858 bone,
874 817 956 851 10b.
980 818 1043 850 Pro
1066 816 1228 857 praesenti
1253 815 1412 855 concione,

295 869 522 909 Triumphator
546 868 579 899 in
603 875 712 907 agone,
978 864 1025 897 Ut
1050 864 1162 896 mundi
1185 863 1270 895 victo
1291 862 1454 902 praedone

340 917 457 949 Preces
482 915 524 947 ad
548 918 581 946 te
605 913 767 945 fundimus
1026 913 1172 951 Feratur,
1198 919 1259 950 quo
1283 909 1454 941 tendimus.

264 984 348 1010 Mis-s.
374 990 427 1009 ms.
450 989 525 1008 saec.
552 979 596 1008 15.
625 978 693 1007 Cod.
720 978 749 1006 S.
779 977 947 1006 Genovefae
965 977 1126 1004 Parisiens.
1146 975 1222 1003 BBL
1241 973 1278 1002 4⁰
1306 972 1350 1002 10.
1370 989 1409 993 -
1428 972 1501 1000 Mel.

198 1021 320 1049 uffenbar
339 1020 388 1047 die
408 1019 457 1047 der
476 1017 763 1046 Dominikus-Prosa
781 1015 916 1052 gleichen
935 1015 1077 1050 Anfangs.

605 1109 671 1140 278.
715 1108 759 1139 De
779 1107 885 1138 sancto
905 1105 1098 1137 Leonhardo.

191 1174 246 1206 la.
272 1172 361 1205 Patri
384 1174 493 1204 nostro
515 1170 736 1210 jucundemur,
873 1166 932 1200 1b.
954 1166 1119 1199 Idolorum
1144 1174 1218 1197 nam
1244 1164 1381 1195 cultores

271 1221 310 1253 In
332 1220 394 1252 hac
419 1219 471 1250 die
491 1218 695 1258 gratulemur,
953 1214 1081 1247 Christo
1106 1212 1215 1245 reddit
1240 1214 1273 1243 et
1296 1219 1421 1242 errores

272 1266 497 1299 Leonhardum
520 1273 708 1297 veneremur
956 1261 1079 1293 Sternit
1102 1259 1295 1292 remittendo
1316 1256 1412 1289 flores

322 1313 399 1346 Cum
425 1312 530 1344 cordis
555 1311 708 1351 tripudio.
1003 1307 1141 1341 Coelesti
1164 1305 1333 1338 consortio.

191 1373 247 1405 22.
272 1370 360 1410 Ergo
384 1369 526 1409 prudens
549 1367 758 1400 Leonhardus
873 1364 931 1398 2b.
954 1364 1166 1404 Semetipsum
1189 1362 1369 1403 abnegavit,

272 1417 425 1457 vigilavit
448 1418 480 1447 et
502 1424 565 1447 non
590 1415 702 1447 tardus
955 1408 1504 1452 Christumsequens‚quemamavit‚

276 1464 475 1497 Subintravit
499 1465 531 1494 et
552 1462 679 1495 ornavit
957 1458 1091 1491 Crucem
1114 1458 1229 1490 tollens
1255 1457 1370 1489 stolam
1393 1456 1477 1488 lavit
1509 1492 1515 1498 .

319 1511 516 1551 Lampadem
544 1518 614 1541 cum
639 1509 718 1541 oleo.
1001 1507 1041 1539 In
1064 1506 1127 1538 Dei
1152 1504 1294 1537 servitio.

191 1571 247 1603 3a.
273 1569 415 1601 Palmam
444 1576 539 1598 manu
564 1565 629 1597 fert
651 1565 815 1597 victricem
874 1563 934 1597 3b.
957 1563 1005 1597 Ut
1029 1561 1157 1594 coelesti
1182 1570 1240 1592 nos
1265 1559 1420 1591 fecundet

272 1616 377 1656 Digne
401 1623 535 1655 sequens
560 1613 749 1652 adjutricem
955 1610 1042 1642 Rore
1067 1608 1156 1651 foris,
1182 1608 1269 1640 intus
1293 1607 1428 1639 mundet

276 1663 423 1695 Sanctam
448 1661 511 1694 Dei
534 1661 719 1702 genitricem
958 1657 1093 1690 Sanctus
1120 1656 1262 1696 spirituS,
1288 1654 1426 1686 inundet

321 1711 360 1743 In
385 1710 514 1742 coelesti
540 1708 637 1741 curia.
1005 1704 1126 1736 Nostra
1151 1703 1249 1735 corda
1269 1702 1385 1735 omnia.

267 1775 350 1802 Miss.
376 1783 430 1801 ms.
451 1773 480 1801 S.
498 1773 630 1801 Floriani
650 1772 694 1799 XI
717 1769 781 1800 391.
801 1779 877 1799 saec.
899 1768 944 1798 14.
965 1769 1001 1796 A.
1025 1785 1059 1789 —
1077 1769 1162 1796 Miss.
1182 1776 1236 1795 1115.
1257 1767 1287 1795 S.
1307 1767 1442 1795 Floriani
1461 1766 1507 1794 XI

191 1811 256 1841 395.
278 1821 352 1840 saec.
375 1811 420 1841 14.
436 1812 470 1840 B.
483 1827 522 1832 —-
535 1811 619 1839 Miss.
637 1819 691 1838 ms.
708 1811 738 1838 S.
754 1810 887 1838 Floriani
900 1808 946 1836 m
966 1806 1032 1836 205.
1047 1815 1123 1835 saec.
1143 1805 1189 1834 15.
1205 1806 1237 1833 C.
1253 1822 1290 1826 —-
1304 1803 1354 1840 2a,
1375 1802 1394 1833 3
1411 1806 1509 1832 oravit

191 1851 325 1917 &iet—B
328 1848 403 1915 ¹31),
431 1848 449 1877 2
476 1850 563 1877 Roris
589 1849 661 1876 foris
679 1847 764 1876 ABG.
780 1863 819 1867 -—
838 1845 895 1881 3b,
916 1844 934 1875 3
960 1845 1082 1873 mundet
1101 1845 1141 1878 A3
1171 1844 1357 1877 Sanetusque
1383 1844 1506 1879 spiritus

606 1978 671 2009 279.
710 1978 754 2008 De
774 1977 879 2008 saneto
900 1975 1093 2008 Leonhardo.

196 2042 253 2074 la.
280 2040 408 2073 Clarum
433 2040 521 2072 sidus
543 2038 646 2079 fulget
668 2038 796 2077 mundo,
877 2037 936 2070 1b.
957 2036 1149 2069 Lonhardus
1172 2034 1266 2067 fortis
1290 2034 1352 2075 leo,

275 2087 363 2119 Luce
387 2088 484 2118 micat
507 2086 702 2118 laetabundo
960 2084 1090 2116 Nardus
1115 2092 1231 2115 sanans
1256 2082 1367 2122 plagas
1392 2090 1458 2122 reo,

276 2134 493 2166 Tenebrarum
512 2134 546 2165 in
565 2131 725 2173 profundo
960 2131 1170 2164 Praedicator
1193 2130 1324 2169 placens
1348 2129 1419 2161 Deo

325 2180 409 2222 Sole,
434 2181 511 2212 luna
534 2180 661 2212 clarius.
1007 2179 1053 2211 Et
1077 2177 1196 2210 Christi
1221 2177 1369 2210 vicarius.

196 2239 252 2270 2a.
278 2236 471 2277 Naufragari
494 2237 647 2268 mundum
672 2235 783 2273 cernit,
879 2233 940 2268 ab.
960 2234 1191 2274 Episcopatum
1212 2242 1328 2273 nempe
1352 2233 1488 2274 sprevit,

277 2284 431 2316 Mundum
442 2281 819 2321 utimmundumspernit,
960 2281 1058 2322 Regis
1083 2290 1160 2321 opes
1184 2281 1334 2321 abolevit,

279 2330 390 2363 Carnis
416 2331 594 2370 voluptates
617 2329 732 2361 sternit
960 2329 1059 2368 Inops
1085 2329 1196 2361 vivere
1220 2328 1365 2361 decrevit

324 2378 441 2410 Petens
467 2377 680 2409 solitudinem.
1008 2376 1147 2415 Propter
1169 2375 1411 2410 beatitudinem.
