1653 2632
180 239 236 270 3a.

180 388 236 419 42.

183 537 239 568 5a.

185 686 240 718 6a.

187 837 242 868 7a.

187 987 243 1019 8a.

188 1135 249 1168 9a.

191 1496 247 1529 la.

191 1647 248 1678 2a.

193 1799 251 1830 Sa.

193 1996 249 2028 4a.

195 2146 251 2177 5a.

196 2295 252 2326 6a.

703 130 964 166 -234—

264 235 381 267 Paulus
405 243 462 265 vas
486 230 768 272 praedestinatum,

264 282 329 314 Vas
355 291 374 313 a
397 280 473 313 Jesu
496 280 721 317 nuncupatum,

312 328 386 360 Jesu
411 328 540 368 plenum
564 324 701 365 penitus,

264 386 289 417 Ο
322 393 413 424 quam
438 383 519 415 mira
544 382 626 413 dona
650 378 728 411 Dei:

261 432 510 464 Firmamentum
533 431 661 460 nostrae
685 424 764 465 spei,

314 478 438 509 Donum
465 478 497 506 et
519 474 653 510 vocatio,

265 534 315 566 En
341 533 450 571 adoro,
475 534 512 562 ut
534 532 714 570 prostratus

268 580 381 613 Saulus
403 579 499 618 jacet,
524 579 561 608 ut
585 576 727 609 sublatus

314 626 436 666 Spiritu
465 625 498 656 in
520 623 626 663 patria

266 683 329 715 Hic
353 682 437 722 quod
461 681 545 713 vidit
569 682 603 712 et
625 678 774 719 gustavit,

267 731 339 762 Hoc
365 730 405 761 de
430 729 517 760 coelo
542 726 727 767 propinavit

317 778 467 810 Sanctum
493 774 701 815 evangelium,

267 834 377 873 Fame,
403 832 457 864 siti
483 830 687 869 contabescit,

270 881 346 913 Plus
370 880 481 911 labore
506 877 687 910 exardescit

316 927 467 960 Omnibus
494 925 669 965 discipulis,

269 985 403 1016 Romam
427 983 515 1015 venit
540 980 812 1020 consummandus,

270 1031 421 1063 Passione
444 1028 647 1068 laureandus,

318 1078 373 1110 Sic
393 1086 523 1109 currens
549 1076 590 1108 ad
614 1075 770 1114 stadium;

866 225 925 259 3b.
947 224 1011 256 Vas
1036 232 1056 255 a
1080 222 1156 255 Jesu
1182 220 1409 260 confirmatum,

947 271 1041 303 Dona
1065 269 1201 301 fundens
1228 269 1451 300 charismatum

996 318 1117 349 Terrae
1140 316 1251 348 vivens
1277 316 1417 349 coelitus.

866 376 925 409 4b.
945 375 1179 407 Incrementum
1203 372 1265 404 hoc
1288 372 1375 411 fidei,

947 422 1194 462 Purgamentum
1221 420 1326 452 cordis
1351 420 1408 459 rei,

996 469 1059 501 Dei
1086 467 1257 499 miseratio.

869 526 925 560 5b.
947 526 1066 559 Paulus
1090 525 1188 564 videt,
1214 524 1386 556 arbitratus

951 573 1037 612 Quae
1063 575 1111 604 est
1134 580 1235 610 nemo,
1260 571 1314 602 hic
1338 574 1494 611 purgatus

998 620 1085 653 Coeli
1107 620 1221 650 lustret
1246 618 1337 650 atria.

869 677 927 710 6b.
951 676 1057 709 Verbo
1082 679 1190 716 gentes
1215 675 1388 707 illustravit

951 724 1144 763 Judaeisque
1167 722 1365 762 praedicavit

998 772 1118 810 Jesum‚
1143 770 1205 804 Dei
1229 768 1337 801 filium.

870 828 928 861 7b.
952 828 1066 860 Multis
1091 827 1186 858 terris
1211 826 1398 866 peragratis,

953 875 1069 908 Verbis
1095 874 1193 914 signis
1220 871 1422 909 confirmatis,

1000 921 1083 953 Fide
1109 921 1184 953 data
1207 920 1345 960 populis.

871 979 929 1013 8b.
951 978 1020 1011 Lac
1043 978 1195 1018 propinat
1219 978 1314 1016 caput
1340 984 1475 1013 caesum,

955 1025 1079 1066 Lingua
1098 1025 1213 1056 clamat
1229 1024 1249 1057 J
1252 1032 1348 1063 esum,
1375 1022 1394 1055 J
1398 1031 1501 1061 esum⁷

1002 1074 1022 1106 J
1025 1081 1095 1104 esus
1120 1071 1211 1103 Pauli
1232 1070 1385 1102 bravium.

276 1136 325 1167 Tu
351 1135 404 1175 qui
428 1134 557 1166 summis
584 1141 616 1163 es
640 1132 674 1163 in
692 1131 816 1163 thronis
876 1130 933 1163 9b.
956 1129 1142 1162 Consolatos
1167 1137 1225 1160 nos
1252 1127 1393 1168 dignare,

274 1182 448 1220 Duodenis,
473 1180 630 1220 passionis

323 1229 411 1261 Tuae
432 1228 500 1268 jugi
523 1226 675 1258 memoria

957 1176 1073 1209 Sancte
1097 1176 1205 1215 Paule,
1233 1175 1390 1206 collocare

1007 1224 1046 1255 In
1070 1224 1250 1255 sauctorum
1275 1222 1385 1261 gloria.

273 1306 358 1332 Miss.
379 1311 432 1330 ms.
452 1301 628 1329 Praedicatt.
651 1300 870 1327 VindobonenS.
891 1307 913 1325 s.
935 1299 1009 1334 sign.
1033 1299 1102 1325 anni
1125 1296 1206 1323 1477.

538 1411 598 1442 318.
639 1410 673 1441 ln
694 1407 985 1440 Commemoratione
1005 1415 1029 1437 s.
1052 1406 1153 1437 Pauli.

275 1494 390 1526 Omnes
416 1494 524 1533 gentes
546 1490 699 1530 plaudite,

271 1541 375 1573 Melos
400 1539 508 1571 dulces
534 1537 638 1569 canite

321 1587 419 1619 Paulo
444 1585 670 1624 triumphante,

273 1646 372 1684 Pape‚
399 1652 493 1682 quam
517 1640 686 1673 mirificum

274 1691 357 1724 Dum
381 1690 427 1721 sic
452 1688 661 1729 apostolicum

324 1738 454 1771 eulmen
480 1736 648 1774 exaltatur,

276 1796 382 1828 Intrat
405 1794 465 1826 hoc
488 1793 652 1833 palatium,

275 1842 515 1881 Contemplatur
543 1840 723 1879 Dominum,

274 1890 406 1922 Excitat
434 1888 476 1920 ad
498 1888 634 1927 Jubilum

322 1937 524 1976 Inspectores
548 1935 627 1974 Dei3

275 1994 360 2026 Dum
385 1993 432 2024 sic
454 1992 574 2025 Paulus
598 1990 798 2029 sublimatur,

274 2041 364 2072 Tunc
387 2039 560 2074 Plautillae
585 2038 678 2069 simul
704 2038 798 2069 datur

323 2088 412 2119 Visio
439 2089 471 2117 et
497 2086 639 2125 pallium,

277 2144 408 2176 Transit
431 2143 548 2176 Paulus
574 2151 613 2173 ex
637 2141 699 2173 hac
721 2140 802 2180 luce,

278 2192 395 2223 Vivens
422 2190 547 2222 Christo
573 2189 659 2221 victa
680 2196 758 2219 nece

324 2239 442 2277 Magno
469 2245 540 2268 cum
564 2235 718 2275 tripudio,

277 2294 342 2325 Hic
366 2297 415 2324 est
435 2293 521 2324 mitis
548 2295 642 2332 atque
666 2290 759 2323 fortis

277 2340 389 2372 Victor
412 2340 523 2371 mortis

323 2387 385 2418 Dei
410 2387 532 2426 pollens
557 2385 669 2426 gratia,

876 1487 933 1520 lb.
960 1486 1060 1519 Redit
1080 1487 1144 1526 jam
1173 1494 1242 1517 cum
1267 1486 1370 1525 gloria

958 1534 1134 1565 Transacta
1156 1533 1286 1564 miseria

1006 1581 1100 1614 Coelo
1126 1580 1350 1620 applaudente.

960 1637 1077 1670 Paulus
1105 1637 1217 1677 dignus
1243 1636 1340 1668 hodie

958 1685 1048 1717 1nter
1074 1684 1176 1715 claros
1202 1684 1322 1723 gloriae

1008 1731 1099 1764 Cives
1125 1731 1278 1763 elevatur.

959 1789 1053 1821 Stant
1078 1788 1250 1820 clamantes
1275 1787 1419 1827 vocibus,

959 1836 1153 1868 Plaudentes
1179 1835 1394 1875 concentibus,

959 1884 1191 1923 Prosequentes
1213 1882 1363 1914 laudibus

1007 1931 1159 1962 Tutorem
1183 1929 1270 1962 fidei.

959 1988 1057 2027 Quem
1081 1987 1218 2027 peremit
1242 1995 1313 2018 cum
1339 1985 1457 2026 furore,

957 2035 1045 2067 Nero
1067 2034 1175 2067 vivum
1200 2042 1270 2065 cum
1295 2036 1426 2073 stupore

1008 2082 1081 2114 Jam
1103 2082 1334 2121 contemplatur
1350 2081 1498 2113 Paulum,

877 1638 934 1671 ab.

878 1789 935 1822 3b.

877 1988 937 2021 4b.

879 2139 938 2171 5b.
962 2139 986 2171 O
1012 2147 1159 2178 magnum
1183 2138 1276 2171 Pauli
1299 2137 1457 2177 meritum,

962 2186 1055 2218 Omni
1078 2186 1175 2217 laude
1200 2185 1427 2225 dignissimum,

1008 2233 1227 2265 Recolendum
1252 2232 1377 2272 gaudio.

879 2289 936 2321 6b.
960 2289 1020 2328 Qui
1043 2289 1169 2321 labores
1195 2291 1227 2320 et
1250 2288 1383 2320 sudores

961 2338 1011 2368 Ac
1036 2337 1162 2368 dolores

1009 2384 1149 2416 Pertulit
1172 2391 1231 2422 pro
1252 2381 1364 2421 gloria.
