1653 2632
724 119 960 154 —55-

189 215 247 248 4a.
272 214 477 249 celebremus
503 225 572 249 eam
880 216 941 249 4b.
961 216 1007 249 Ut
1033 216 1151 248 delicta
1173 219 1282 249 nostra

273 263 385 303 lingua
408 263 562 307 vocifera,
961 265 1067 303 tergat
1088 273 1183 295 manu
1208 273 1265 296 sua

276 310 472 351 gratulemur
496 312 529 343 in
555 320 593 343 ea
963 319 1083 342 summa
1107 311 1163 350 pia
1186 312 1298 354 gratia,

274 358 373 390 corde
394 359 448 399 pio
472 359 643 391 Dominum
961 360 1072 390 nostra
1097 361 1324 391 conserventur
1348 361 1380 390 et

272 405 452 446 laudantes,
962 413 1096 444 corpora

273 455 380 485 mente
403 463 495 494 pura,
964 453 1131 486 custodita.

193 509 249 543 5a.
276 509 327 542 De
350 512 444 549 gente
468 509 539 542 fera
882 508 942 542 5b.
965 508 1082 540 Senum
1101 509 1226 549 jugulat

277 565 335 588 nos
360 557 464 589 libera
961 564 1000 587 ac
1020 556 1171 595 juvenum

275 603 501 643 Normannica,
964 605 997 634 et
1019 603 1187 646 virginum,

277 660 359 691 quae
370 654 482 683 nostra
495 653 599 683 vastat
611 650 699 682 Deus
712 659 819 690 regna.
961 659 1132 690 puerorum
1157 660 1280 691 quoque
1305 654 1459 686 catervas

193 708 250 741 6a.
276 707 424 748 Depelle,
453 716 632 747 precamur,
880 707 938 740 6b.
960 707 1054 739 Dona
1077 707 1168 739 nobis
1193 717 1303 747 pacem

277 756 392 786 cuncta
415 754 508 786 nobis
533 755 636 795 mala3
962 757 1057 794 atque
1082 756 1298 796 concordiam

277 802 445 842 Converte,
961 801 1096 842 Largire

275 858 422 890 rogamus
448 850 618 890 supplices,
960 848 1053 880 nobis
1076 858 1165 889 spem
1189 850 1354 892 integram,

275 896 422 937 Domine,
448 906 506 929 nos
531 897 574 929 ad
592 900 634 936 te,
963 894 1060 928 fidem
1084 897 1179 928 simul
1204 905 1320 937 veram,

275 952 333 976 rex
358 944 489 985 gloriae,
964 943 1128 975 ca1itatem

276 1000 309 1023 es
332 992 386 1031 qui
402 992 479 1031 vita,
963 990 1143 1022 continuam

277 1048 352 1079 pax,
379 1039 465 1070 salus
490 1038 544 1078 pia
963 1038 1102 1069 concede
1126 1037 1217 1070 nobis

275 1094 349 1126 spes
374 1088 407 1117 et
429 1085 531 1118 firma.
963 1086 995 1115 et
1021 1083 1208 1124 perfectam.

194 1143 250 1176 7a.
278 1142 467 1174 Sanctorum
881 1142 899 1173 7
907 1140 939 1174 b.
961 1140 1013 1172 De
1037 1150 1168 1180 quorum

275 1189 426 1229 precibus
449 1198 507 1221 nos
531 1189 719 1228 adiuvemur
961 1188 1109 1227 passione
1133 1189 1328 1230 gratulemur

275 1237 318 1269 ad
343 1237 423 1268 haec
445 1236 659 1276 impetranda,
962 1235 1057 1267 modo
1082 1236 1228 1276 gloriosa.

603 1294 634 1326 8.
660 1292 747 1324 Laus
773 1292 816 1323 sit
842 1294 874 1323 et
896 1301 956 1331 par
981 1292 1083 1332 gloria

661 1340 800 1371 trinitati
824 1348 919 1379 quam
941 1339 1080 1371 maxima

661 1389 775 1418 cuncta
798 1395 858 1426 per
883 1386 1020 1418 saecula.

264 1463 354 1498 Trop.
366 1470 420 1489 ms.
435 1461 464 1490 S.
479 1462 620 1497 Maglorii
635 1462 817 1489 Parisiens.?
839 1469 914 1489 saec.
930 1459 964 1488 11
981 1463 1010 1488 et
1023 1459 1067 1488 12.
1083 1461 1151 1489 Ood.
1165 1462 1325 1489 Parisiens.
1342 1460 1377 1490 13
1386 1460 1451 1489 252.
1468 1476 1507 1481 —

190 1499 216 1537 1,
238 1499 256 1529 3
276 1508 372 1528 sonsa.
393 1514 431 1518 —
450 1497 500 1534 3a,
521 1498 540 1527 3
561 1508 621 1535 qua
638 1502 811 1536 temporum.
831 1514 870 1518 -—
891 1496 943 1533 ¹31³,
965 1496 982 1526 3
1002 1502 1110 1527 nostre.
1133 1514 1168 1518 —
1188 1499 1238 1533 422,
1261 1499 1275 1528 1
1299 1508 1341 1528 ea.
1362 1515 1401 1519 ——
1415 1499 1467 1535 412,
1488 1499 1508 1527 4

189 1540 468 1605 sSqticgrgsewenmr
495 1546 620 1574 corpora
639 1540 675 1566 et.
697 1553 734 1557 —
753 1538 816 1565 Das
837 1537 920 1565 Alter
941 1537 991 1565 der
1011 1537 1144 1574 Sequenz
1165 1538 1316 1565 bestimmt
1334 1537 1505 1566 annahernd

620 1688 665 1719 68.
703 1687 740 1719 In
758 1687 977 1728 Assumptione
996 1687 1085 1718 BMV.

191 1768 248 1801 la.
274 1767 382 1799 Mater
400 1767 648 1809 misericordiae,
883 1766 940 1799 lb.
963 1766 1178 1799 Primordium
1202 1766 1355 1806 laetitiae,

275 1814 393 1854 Stirpis
416 1815 526 1854 puella
549 1814 666 1856 regiae,
962 1815 1129 1846 Humanae
1154 1822 1250 1845 causa
1273 1814 1395 1846 veniae.

190 1872 249 1917 2a.
276 1870 375 1903 Sedes
397 1871 584 1911 sapientiae,
881 1869 938 1903 2b.
962 1869 1223 1909 Firmamentum,
1252 1870 1473 1902 documentum

275 1919 338 1951 Via
358 1918 584 1958 poenitentiae,
1012 1916 1115 1949 Castis
1142 1920 1174 1948 et
1196 1917 1379 1958 humilibus,

275 1966 396 1999 Domus
420 1966 605 2008 pudicitiae,
753 1969 762 1978 '
778 1983 792 1999 »1
835 1986 850 1999 ῆι
864 1962 878 1977 *
963 1964 1233 2005 Supplementum,
1264 1966 1495 1998 nutrimentum

272 2023 467 2056 Relevamen
493 2025 526 2054 et
549 2022 689 2054 solamen
749 2051 763 2065 ,ᾗ
778 2027 792 2042 *
810 2008 819 2017 ³
836 2027 850 2043 *
864 2048 879 2064 ,ὅ
1010 2011 1140 2044 GUssGffiS
1164 2013 1391 2053 indigentibus·

321 2070 451 2103 Miseris
478 2073 510 2102 et
534 2070 690 2112 tristibus,
959 2069 1044 2102 Aliis
1069 2069 1245 2110 virginibus

273 2119 488 2158 Medicamen,
514 2118 705 2158 adJ'uvamen
961 2117 1131 2149 Pulchrior
1153 2118 1188 2149 in
1211 2118 1367 2161 omnibus,

321 2166 438 2206 Lapsis
462 2166 710 2207 poenitentibus⁴
961 2165 1081 2198 Ornata
1104 2165 1286 2201 monilibus,

190 2227 247 2259 3a.
274 2223 427 2257 Cantibus
454 2223 634 2255 celebribus
883 2222 941 2257 3b.
964 2222 1104 2255 Vocibus
1129 2223 1326 2263 supplicibus

273 2271 441 2305 Cantanda
465 2270 617 2312 fideliter,
965 2270 1114 2304 Jucunda
1138 2271 1339 2311 suppliciter.

188 2332 248 2365 4a.
273 2330 371 2363 Alma
399 2329 520 2371 regina,
881 2328 942 2361 4b.
966 2327 1068 2360 Stella
1091 2329 1224 2369 marina,

271 2379 343 2412 Lux
368 2378 535 2418 matutina,
964 2377 1083 2409 Forma
1110 2376 1226 2409 divina.
