1653 2632
705 132 942 167 —29—

165 221 253 249 Grad.
274 222 457 251 Nivemense
484 233 559 253 saec.
586 224 631 253 12.
659 226 729 255 Cod.
755 228 914 256 Parisiens.
940 229 1036 257 Nouv.
1059 237 1112 265 aeq
1114 226 1225 257 .1235.
1245 230 1279 258 Β.
1300 245 1337 250 —
1358 228 1383 257 1.
1404 228 1421 256 2
1442 239 1478 258 ex

163 259 296 326 {Rati}
304 276 365 326 ΑΞ
386 259 438 297 33,
460 260 478 290 3
506 266 551 291 est
585 266 679 293 crucis
706 273 758 293 ara
782 266 841 293 AB.
866 280 905 284 —
930 266 1030 302 7a,1
1059 267 1235 295 Danubibus
1259 268 1294 295 A.
1321 282 1358 288 —·
1384 268 1437 304 71),
1462 268 1475 295 1

578 393 619 425 31.
658 395 693 426 In
713 394 895 427 Inventione
915 404 939 427 s.
963 395 1075 427 Crucis.

165 460 220 493 la.
248 461 444 494 Veneremur
467 463 564 496 hodie
851 466 908 500 lb.
931 467 993 498 Per
1018 475 1111 506 quam
1136 467 1222 498 salus
1247 467 1357 509 oritur,

248 508 382 541 Crucem
406 511 491 551 regis
516 511 637 551 gloriae
932 513 1010 546 Cum
1034 523 1119 546 mors
1143 517 1253 546 nostra
1276 516 1411 547 moritur

293 558 358 590 Per
380 558 486 590 laudis
510 559 725 599 praeconium,
977 561 1022 593 Et
1045 561 1145 593 hostis
1172 562 1352 595 dominium.

162 614 183 645 2
192 622 220 645 a.
248 613 337 645 Inter
360 614 469 654 spinas
493 615 607 656 lilium,
848 617 906 650 212.
928 617 1011 649 Nam
1038 618 1071 650 in
1095 618 1181 658 ligno
1206 619 1344 658 ponitur,

247 660 349 692 Cerne
371 662 434 694 Dei
456 660 557 693 filium
931 664 1028 697 Sacer
1053 666 1178 705 sanguis
1203 665 1357 707 funditur,

294 707 500 741 Cruentatum
524 710 694 750 sanguine,
978 712 1045 751 Quo
1069 713 1213 744 lavamur
1236 712 1375 747 flumine.

161 765 216 798 321.
244 765 282 797 In
307 766 470 804 praesenti
492 767 618 799 saeculo
847 768 906 801 31).
928 768 974 801 Ut
998 770 1139 801 vivamus
1164 769 1258 801 liberi

244 812 322 846 Cum
349 813 452 845 crucis
477 814 639 854 signaculo
928 816 959 848 A
984 815 1139 848 fermento
1165 817 1266 849 veteri

290 860 423 901 Adjuva
445 870 514 902 nos,
540 861 685 904 Domine,
974 864 1020 896 Et
1044 874 1062 896 a
1084 864 1171 896 necis
1196 863 1339 898 fulmine.

159 918 216 950 48..
241 917 313 949 Ave
338 927 416 950 crux
438 917 575 961 vivifica,
845 920 904 953 41).
927 920 1012 952 Dum
1036 924 1069 952 te
1093 924 1182 961 grato
1208 924 1351 961 tempore

240 964 288 996 Te
311 965 414 997 virtus
441 966 599 998 dominica
929 967 1072 1000 Christus
1097 977 1153 1000 suo
1180 977 1313 1008 corpore

287 1012 421 1044 Dotavit
443 1013 632 1055 sublimiter,
973 1016 1119 1048 Portavit
1142 1016 1313 1048 humiliter.

159 1070 215 1100 5a.
242 1068 308 1101 Fili
331 1070 434 1108 patris
458 1070 561 1113 unice,
844 1072 901 1105 5b.
925 1072 971 1105 Ut
995 1073 1062 1111 eJus
1087 1073 1228 1104 inventio

240 1118 362 1148 Arcum
386 1117 487 1149 crucis
511 1118 635 1158 inspice
927 1119 1038 1151 Salvet
1061 1129 1081 1151 a
1105 1120 1262 1160 supplicio

287 1163 414 1196 Memor
435 1165 481 1196 tui
506 1164 657 1205 foederis,
973 1165 1144 1199 infernalis
1169 1168 1316 1199 carceris.

229 1229 313 1256 Miss.
340 1237 393 1256 ms.
418 1229 596 1257 Praedicatt.
616 1230 835 1259 Vindobonens.
864 1240 886 1259 s.
907 1233 982 1267 sign.
1004 1232 1074 1259 anni
1096 1230 1178 1259 1477.
1197 1246 1235 1250 —
1254 1232 1323 1260 Mel.
1342 1236 1469 1261 ver—mut

154 1266 213 1293 lieh
233 1278 272 1288 =
292 1267 368 1294 Veni
390 1269 491 1295 sancte
511 1268 648 1304 Spiritus.

599 1368 647 1400 32.
688 1369 724 1401 In
744 1370 825 1402 festo
846 1371 1019 1403 Paschatis.

613 1441 643 1474 1.
670 1441 826 1481 Vix-ginali
852 1442 992 1474 thalamo

716 1489 791 1521 dum
818 1490 976 1529 processit
999 1489 1094 1532 filius,

668 1536 765 1570 Unde
789 1546 846 1569 nos
871 1538 1053 1576 redimeret,

712 1594 776 1617 11011
800 1584 941 1617 habebat
965 1586 1088 1620 melius„

151 1639 206 1670 2a.
233 1639 336 1680 Leges
362 1640 546 1672 occuluerat
837 1642 895 1674 ab.
917 1642 983 1674 Dat
1006 1643 1140 1674 salutem
1165 1644 1335 1684 languidis,

281 1690 377 1728 atque
401 1688 553 1720 vaticinia
967 1691 1023 1723 dat
1046 1699 1157 1730 pacem
1183 1694 1213 1722 et
1237 1691 1362 1731 gaudia,

232 1735 376 1767 Tandem
400 1736 548 1775 patefieri
919 1738 1058 1777 Quorum
1080 1739 1122 1770 ad
1143 1739 1291 1770 interitus

278 1783 389 1815 volens
415 1785 590 1825 evangelia.
966 1785 1121 1825 patebant
1144 1786 1292 1825 suspiria.

150 1840 205 1872 33..
232 1839 329 1880 Vagit
352 1838 458 1872 infans
836 1841 893 1874 3b.
918 1842 1021 1882 Super
1044 1845 1132 1874 astra

280 1889 367 1919 artus
392 1887 426 1919 in
452 1888 617 1928 cunabulo,
965 1893 1078 1930 regnat
1100 1890 1134 1921 in
1161 1890 1360 1931 coelestibus,

230 1935 336 1967 Parvo
361 1935 454 1967 lactis
917 1937 977 1976 Qui
1003 1938 1058 1969 dat
1083 1946 1187 1970 escam

280 1983 414 2015 satiatus
438 1983 566 2023 pabulo.
965 1985 1073 2018 bestiis
1100 1988 1130 2017 et
1155 1986 1276 2020 avibus,

146 2041 202 2073 4a.
229 2039 371 2072 Mundus
395 2041 495 2073 intrat
516 2042 689 2082 lavacrum,
833 2042 893 2075 4b.
916 2044 979 2075 Per
1003 2052 1117 2083 aquam
1142 2046 1173 2075 et
1197 2044 1345 2084 spiritum

228 2087 377 2120 Destruit
400 2089 615 2130 simulacrum,
915 2090 1028 2131 Signat
1049 2091 1125 2123 item
1150 2092 1298 2131 genitum.

145 2146 201 2179 5a.
228 2146 364 2179 Planum
387 2147 451 2178 iter
476 2150 508 2179 et
532 2150 678 2188 apertum
833 2148 891 2181 5b.
915 2148 977 2180 Hic
998 2151 1150 2189 tentatur,
1177 2158 1217 2180 ne
1241 2153 1399 2182 tentemur

226 2194 376 2227 Tendens
403 2195 493 2227 vadit
514 2195 548 2227 in
574 2196 745 2237 desertum,
915 2196 979 2228 Sed
1004 2206 1024 2229 a
1046 2197 1130 2229 malo
1156 2197 1337 2239 liberemur,

143 2253 198 2285 6a.
225 2253 436 2293 Quoscunque
459 2255 547 2285 terra
570 2254 718 2294 parturit.
831 2254 888 2287 6b.
911 2254 1064 2287 Traditus
1089 2265 1108 2287 a
1134 2255 1290 2295 discipulo

224 2300 311 2333 Fons
335 2301 429 2341 panis
453 2301 533 2342 sitit,
561 2302 660 2333 esurit
914 2302 1003 2343 Capi,
1029 2303 1124 2343 ligari
1147 2304 1273 2336 vinculo

272 2349 345 2381 Non
372 2350 515 2390 corporis
542 2350 682 2382 edulium
959 2351 1029 2383 Nec
1052 2350 1209 2392 flagellari
1233 2353 1349 2393 renuit,

273 2396 336 2431 Sed
361 2398 496 2430 salutem
520 2397 672 2431 fidelium.
960 2400 1020 2440 Qui
1044 2400 1126 2432 mori
1150 2403 1264 2441 sponte
1288 2401 1398 2434 voluit.
