1653 2632
715 111 968 146 —162-

183 206 238 237 2a.
266 203 367 235 Verus
394 205 433 236 de
460 204 578 237 Christi
602 205 703 236 latere
864 206 921 238 2b.
946 206 1030 238 Fide
1053 208 1217 245 protectus
1244 207 1357 248 clipeo,

265 250 374 282 Novus
399 251 520 291 legatus
544 252 691 290 mittitur,
945 252 1010 291 Spe
1033 252 1185 295 galeatus,
1208 253 1309 285 utitur

265 297 302 328 In
329 298 416 337 euJ'us
441 307 531 330 sacro
557 307 691 338 corpore
947 299 1102 330 Macrone
1127 299 1228 339 verbi,
1255 299 1384 332 baltheo

265 345 424 376 Vexillum
450 346 552 377 crucis
577 346 725 377 cernitur.
948 345 1006 376 Vir
1031 345 1188 377 castitatis
1215 346 1362 386 cingitur.

183 402 238 434 3a.
266 401 456 433 Franciscus
481 402 630 441 princeps
654 402 783 432 inclitus
865 401 924 434 3b.
947 402 1044 433 Acies
1070 404 1178 433 ternas
1204 402 1334 434 ordinat

265 446 394 487 Signum
421 449 527 488 regale
552 448 672 487 bajulat
946 448 1182 488 Expeditorum
1206 449 1342 481 militum

266 494 310 525 Et
339 494 479 525 celebrat
503 495 637 526 concilia
945 495 999 526 Ad
1026 493 1199 535 fugandum
1226 497 1399 529 exercitum

264 541 327 573 Per
352 543 465 572 cuncta
487 542 597 573 mundi
624 542 751 574 climata
947 542 991 574 Et
1015 545 1081 573 tres
1109 545 1252 576 catervas
1279 544 1476 586 daemonum,

266 587 384 619 Contra
410 588 556 619 draconis
577 589 758 624 schismata.
948 589 1031 628 Quas
1059 590 1155 622 draco
1177 599 1304 631 semper
1327 594 1468 626 roborat.

181 645 234 677 4a.
264 643 375 675 Jussus
400 653 420 675 a
444 653 518 684 rege
542 648 696 685 properat
866 646 925 679 4b.
948 647 1017 679 Fac
1041 655 1110 687 nos,
1136 650 1230 687 pater
1252 649 1405 689 piissime,

263 691 316 722 Ad
342 691 537 731 sempiterna
561 693 686 732 gaudia,
948 693 1055 725 Patris
1077 693 1232 727 haeredes
1257 697 1389 737 gratiae,

264 737 308 770 Ut
334 738 469 769 militum
495 739 656 779 stipendia
948 740 994 773 Ut
1018 742 1142 781 possint
1166 743 1269 783 patris
1294 743 1353 776 filii

262 784 397 817 Sanctus
422 785 613 818 Franciscus
643 788 757 828 exigat.
950 789 1120 821 Consortcs
1142 798 1211 822 esse
1235 791 1365 831 gloriae.

256 850 344 877 Grad-
370 859 403 877 ms
450 851 597 879 Francisc.
622 860 697 880 sae„
726 851 771 880 14.
800 853 869 881 God.
894 853 1035 889 Prageus.
1055 854 1071 881 1
1090 854 1116 881 Ε
1146 853 1191 882 12.
1211 855 1245 882 A.
1267 871 1305 875 —
1326 857 1413 885 Grad.
1439 866 1493 885 ms.

178 889 326 917 Francise.
352 896 428 915 saet:
458 888 501 916 15.
524 889 593 917 Cod.
614 889 722 918 Semin.
744 890 929 919 Olomueent.
949 891 1031 919 VIII.
1047 892 1081 919 B.
1101 908 1141 912 —
1163 893 1247 921 Miss.
1273 903 1326 922 ms.
1349 895 1495 923 Attilense

183 935 186 937 ·
210 927 249 952 πὶ
281 925 362 954 1450.
386 926 458 953 Clm.
478 927 646 955 Monacens.
670 926 757 957 3311.
780 929 811 957 Ο.
830 943 867 947 -
886 929 974 965 Trop.
999 938 1053 956 ms.
1073 929 1102 957 S.
1122 931 1271 959 Martialis
1291 930 1494 961 Lemovicens.

179 972 216 992 „w
272 961 307 980 12¹
331 973 337 985 ι
368 964 439 991 Cod.
460 965 609 993 Parisienr
646 964 727 995 1139.
749 967 814 994 add.
835 975 912 996 saec.
927 965 1000 995 ¹³1‘14.
1016 968 1052 995 D.
1075 983 1110 987 —
1133 968 1220 996 Grad.
1239 978 1292 997 ms.
1306 971 1493 998 Francisean.

180 1010 256 1029 save.
285 1001 327 1029 14.
351 1001 419 1029 eod.
440 1003 599 1031 Parisiens.
624 1002 658 1031 10
669 1003 734 1033 503.
754 1005 790 1032 E.
813 1020 848 1023 —
873 1005 929 1039 lb,
952 1004 970 1032 2
989 1005 1032 1032 Et
1056 1007 1161 1034 nititur
1187 1008 1334 1036 attrahere
1355 1008 1441 1036 ABG.
1458 1024 1494 1028 —

180 1038 234 1075 Za,
257 1038 271 1067 1
293 1040 325 1067 V
337 1049 400 1067 rum
421 1041 456 1068 de
478 1041 539 1069 OD.
560 1058 597 1062 -—
617 1040 669 1076 Sb,
693 1042 707 1070 1
730 1043 818 1071 Acies
838 1045 932 1071 trinas
952 1044 1012 1071 AB.
1033 1060 1071 1063 —
1090 1042 1144 1078 212,
1168 1043 1244 1073 1—4
1263 1046 1365 1074 lauten
1385 1047 1416 1073 in
1437 1048 1474 1075 B:

653 1080 734 1115 Fide,
756 1089 815 1115 spe,
837 1082 993 1117 privilegio

654 1118 771 1146 Amoris
792 1120 846 1146 sub
869 1120 995 1155 vestigio

654 1156 813 1184 Pal-vitatis
834 1159 864 1184 in
883 1156 945 1185 filio

657 1194 752 1231 Caput
772 1196 908 1230 serpentis
936 1196 1034 1223 diruit.

180 1227 219 1257 32·
252 1227 269 1257 23
293 1230 459 1258 Crucilium
480 1231 515 1258 D.
538 1246 573 1250 —-
594 1232 647 1266 41),
668 1232 687 1260 4
708 1234 804 1268 erigat
821 1234 855 1261 A.

601 1315 661 1346 216.
703 1316 747 1347 De
770 1317 875 1347 sancto
897 1317 1069 1349 Francisco.

182 1373 238 1406 la.
267 1373 320 1404 Ad
344 1373 494 1405 honorem
520 1375 689 1407 salvatoris
868 1377 926 1410 1b.
948 1377 1048 1409 Nexis
1073 1378 1127 1410 hic
1152 1382 1317 1419 exemptus
1343 1379 1447 1413 foedis

263 1420 308 1452 Et
331 1421 497 1453 Francisci
523 1421 713 1455 confessoris
950 1424 1081 1465 Spernit
1104 1426 1216 1458 haeres
1239 1427 1291 1467 jus
1316 1428 1454 1468 heredis,

264 1467 402 1500 Plaudat
426 1469 522 1509 intuS,
548 1471 667 1510 psallat
692 1470 770 1503 foris
948 1471 1081 1512 Spernit
1104 1482 1226 1506 merces
1250 1484 1308 1515 spe
1328 1476 1495 1517 mercedis,

310 1515 459 1548 Humana
484 1517 620 1551 devotio.
996 1520 1077 1552 Abit
1101 1521 1135 1553 in
1160 1522 1276 1554 cilicio.

182 1574 240 1606 2a.
270 1573 349 1605 Post
371 1574 532 1613 repulsam
556 1576 779 1608 monachorum
868 1576 926 1610 2b.
947 1576 1039 1609 Fune
1063 1586 1157 1610 renes
1184 1579 1257 1611 dum
1283 1581 1460 1623 suspendit,

266 1619 379 1652 Curam
405 1629 518 1660 gerens
543 1622 742 1662 leprosorum
948 1624 1063 1656 Totum
1089 1626 1157 1665 ejus
1183 1635 1238 1658 cor
1258 1628 1413 1669 ascendit,

263 1667 319 1698 Fit
344 1668 458 1700 exinde
486 1669 550 1701 dux
574 1670 729 1702 minorum
951 1671 1108 1710 Quantum
1128 1683 1267 1714 unquam
1283 1676 1338 1708 vix
1353 1676 1498 1708 ascendit

310 1715 353 1747 Et
376 1716 525 1748 inventor
549 1718 681 1750 ordinis.
999 1719 1116 1752 Sensus
1141 1722 1176 1753 in
1200 1730 1256 1754 cor
1279 1723 1429 1756 hominis.

182 1773 239 1806 3a.
267 1771 374 1804 Vitam
398 1781 494 1813 agens
517 1773 587 1806 Deo
612 1778 745 1815 gratam,
869 1775 926 1810 eb.
949 1776 1082 1809 Fratres
1109 1781 1337 1818 congratantur
1362 1781 1399 1823 ei,

263 1819 403 1851 Mortem
428 1823 519 1861 optat
542 1822 729 1864 laureatam,
953 1823 1068 1857 Coram
1093 1826 1206 1866 quibus
1232 1827 1365 1859 verbum
1390 1828 1451 1860 Dei

265 1867 327 1899 Sed
354 1866 519 1907 profectus
543 1869 726 1903 Damiatam
950 1871 1159 1905 Diversarum
1188 1875 1269 1906 aciei

311 1914 445 1947 Illaesus
470 1918 638 1956 repatriat.
1000 1917 1172 1952 Volucrum
1197 1923 1374 1956 annuntiat.

180 1974 237 2007 4a.
264 1971 353 2004 Inter
378 1982 452 2004 aves
478 1974 504 2005 it
529 1977 562 2005 et
585 1975 681 2016 redit,
867 1975 927 2008 4b.
951 1977 1027 2008 Paci
1051 1978 1192 2017 gaudent
1217 1981 1249 2009 et
1273 1979 1370 2011 saluti

264 2018 403 2057 Quarum
428 2021 457 2052 ei
481 2030 560 2061 grex
585 2022 704 2062 obedit,
952 2024 1016 2055 Per
1039 2023 1247 2056 Franciscum
1270 2027 1421 2067 restituti,

264 2067 360 2105 Voce,
387 2076 481 2107 quam
505 2071 620 2101 natura
644 2069 743 2109 dedit,
952 2070 1072 2102 Vident
1097 2072 1191 2114 caeci,
1223 2070 1333 2104 fantur
1355 2075 1444 2116 muti,

310 2113 461 2146 Laudans
486 2124 600 2147 nomen
624 2115 763 2150 Domini.
998 2117 1136 2149 Pausant
1162 2120 1375 2159 energumeni.

180 2171 237 2202 Sa.
265 2170 290 2202 O
303 2179 392 2202 mens
402 2171 548 2213 simplex,
563 2180 650 2203 mens
659 2172 807 2212 benigna,
867 2175 927 2206 51).
947 2174 1043 2213 Cujus
1073 2183 1232 2214 nunquam
1254 2175 1401 2208 oblivisci

264 2216 344 2248 Caro
368 2226 459 2258 pura,
487 2227 560 2250 caro
587 2219 693 2260 digna,
947 2221 1048 2254 Nobis
1082 2230 1194 2261 preces
1217 2222 1295 2253 dent
1315 2223 1494 2268 Francisci,

264 2262 368 2303 Signis
393 2266 504 2297 mortis
531 2266 651 2299 Christi
674 2266 764 2306 signa
950 2267 1013 2300 Sed
1038 2277 1098 2308 per
1120 2269 1224 2308 ipsum
1250 2269 1389 2310 adipisci

311 2311 528 2344 Praetendens
554 2313 679 2344 similia.
996 2315 1199 2355 Sempiterna
1222 2317 1348 2357 gaudia.

256 2365 369 2392 Prosar.
396 2374 449 2393 ms.
477 2367 662 2394 Franciscan.
690 2376 765 2395 saec.
794 2366 838 2395 14.
868 2369 937 2396 cocl.
964 2370 1124 2398 Parisiens.
1151 2369 1234 2399 1339.
1279 2373 1336 2401 Mit
1362 2375 1432 2403 Mel.
1459 2394 1493 2398 —

180 2401 230 2436 lb,
252 2400 269 2428 2
290 2401 416 2437 Sprevit.
