1653 2632
153 213 210 245 Sa.

154 364 210 394 4a.

155 514 212 545 5a.

155 710 211 742 ea.

163 908 213 939 7a.

159 1152 216 1184 8a.

161 1304 217 1336 9a.

137 1549 216 1582 102.

138 1700 217 1733 lla.

142 1900 184 1932 12
196 1909 224 1933 a.

652 108 912 144 —108—

238 210 314 242 Sero
340 209 468 249 quidem
492 207 681 247 baptizatus,

237 257 300 289 Sed
324 259 401 288 tunc
427 255 522 295 digne
545 253 624 285 flens
647 255 754 284 reatus

285 305 326 337 Se
350 303 489 343 priorem
513 302 608 340 exuit,

237 360 315 393 Mox
341 368 414 400 ergo
439 368 502 391 non
527 357 660 398 propria

238 408 303 440 Sed
330 407 448 439 Christi
470 405 597 445 negotia

286 455 419 486 Tractat
445 456 476 483 et
500 451 690 491 exsequitur,

240 511 403 543 Timorate
424 509 556 547 villicat,

236 558 346 595 Manu,
374 557 482 595 lingua
504 553 669 594 praedicat

238 604 355 644 Suique
379 602 570 641 multiplicat

287 650 415 682 Domini
441 650 571 681 talenta.

238 707 293 739 Fit
319 706 483 738 doctrinae
507 708 620 745 puteus

238 754 395 793 Fideique
419 753 549 794 clipeus,

239 801 294 833 Fit
315 801 470 833 malorum
493 799 626 831 malleus

288 849 332 880 Et
357 848 474 879 zelotes
499 847 623 878 latriae.

240 905 393 944 Explicat
414 904 565 936 obscuras

237 953 342 984 Antea
369 952 554 993 scripturas,

240 1000 363 1032 Harum
388 999 554 1030 tritaturas

236 1047 354 1080 Pandit
379 1048 411 1077 et
431 1045 550 1086 figuras

290 1095 485 1133 Sensumque
508 1092 688 1132 mysticum.

243 1150 445 1183 Infinitorum

241 1199 342 1229 Aestu
365 1197 510 1229 laborum

286 1245 394 1278 Pollet
416 1245 450 1275 in
474 1243 668 1284 pastoribuS,

244 1302 268 1335 Ο
293 1310 387 1341 quam
410 1300 475 1333 fixe
500 1301 741 1340 contemplatur,

243 1349 328 1381 Dum
352 1351 499 1380 matrona
518 1357 582 1380 non
598 1350 762 1387 spectatur

242 1444 309 1476 Nec
333 1443 410 1475 inde
436 1441 638 1482 certificatur,

288 1491 384 1524 Unde
409 1490 505 1532 gestit
530 1498 691 1530 quaerere.

243 1549 281 1581 In
307 1547 456 1580 extremis
483 1547 558 1579 dum
582 1547 718 1587 laborat,

242 1597 305 1629 Pro
332 1595 545 1627 febricitantis
569 1598 638 1626 orat

292 1643 469 1683 Sospitate3

242 1699 322 1740 EJ'us
349 1708 462 1739 corpus
486 1699 702 1731 venerandum

242 1747 326 1779 Dum
351 1747 472 1787 Papiae
497 1747 715 1778 collocandum

240 1793 394 1827 Defertur
419 1794 460 1827 ad
485 1794 731 1834 Luitprandum,

293 1843 331 1875 In
355 1843 408 1875 via
432 1842 635 1882 subsistitur,

252 1900 277 1933 O
302 1900 439 1940 benigne

243 1948 430 1990 Augustine,

290 1995 408 2026 Forma
433 1994 623 2029 sanctitatis,

244 2042 269 2074 Ο
298 2042 425 2074 divinae

242 2088 329 2120 Fons
357 2089 530 2127 doctrinae,

292 2136 385 2168 Tuba
408 2136 564 2174 veritatis,

293 2183 394 2215 Stella
417 2183 582 2224 claritatis,

242 2230 423 2262 Matutinae

837 204 896 237 3b.

837 352 895 386 41).

840 503 897 536 5b.

841 702 898 734 eb.

844 1144 903 1179 8b.

845 1297 902 1331 9b.

824 1543 904 1576 10b.

824 1694 905 1728 111).

827 1895 908 1929 121).

918 204 1151 242 Usquequaque
1175 205 1348 232 renovatur

920 250 1036 288 Sicque
1059 248 1189 287 praesul
1212 249 1424 279 consecratur.

966 294 1058 335 Quod
1083 295 1202 326 invitus
1227 294 1347 325 annuit.

919 351 989 383 Nec
1012 351 1163 382 honorem
1187 358 1357 389 perperam

921 398 985 430 Sed
1010 407 1090 437 opus
1116 400 1147 428 et
1173 405 1303 436 operam

967 445 1131 478 Praesulis
1155 443 1369 484 amplectitur.

921 502 986 535 Illa
1009 501 1221 533 nummulario

921 549 1037 582 Tradit
1061 558 1125 580 non
1149 547 1289 586 sudario,

919 596 990 628 Nec
1013 597 1093 628 latet
1118 595 1176 627 sub
1201 595 1308 627 modio

969 644 1091 676 Facula
1116 643 1256 675 detenta.

924 701 1094 740 Donatum,
1122 699 1295 731 Sabellium

922 747 1097 781 Confundit
1122 749 1154 778 et
1176 746 1318 786 Arrium,

923 795 1060 827 Satanae
1083 794 1268 831 ternarium,

971 842 1103 874 Rivulos
1128 840 1293 880 perfidiae.

924 898 1100 930 Salvatoris
1124 897 1223 928 almos

925 947 1092 979 Sermones
1118 946 1150 975 et
1173 943 1312 983 psalmos

924 992 1073 1031 Disserit‚
1102 991 1243 1023 declarat

924 1041 969 1073 Et
994 1039 1153 1078 utrimque
1177 1041 1270 1077 parat

975 1088 1068 1119 Vitae
1091 1086 1251 1117 viaticum.

929 1142 1158 1175 Mellifluorum

925 1192 1040 1224 Floret,
1061 1190 1217 1221 librorum

976 1238 1076 1278 Copia
1098 1245 1178 1277 prae
1203 1235 1359 1268 omnibus.

924 1296 1052 1328 Moesta
1075 1294 1162 1326 redit
1186 1294 1243 1326 sed
1271 1293 1412 1328 docetur,

927 1343 1027 1383 Quod,
1048 1342 1122 1374 dum
1135 1341 1236 1373 Deum
1256 1340 1448 1380 contemple-

926 1438 1038 1469 Yisum
1064 1439 1193 1468 sanctus
1218 1391 1282 1468 3311,
1305 1437 1430 1467 tenetur

975 1485 1029 1517 Ad
1054 1485 1157 1524 ipsam
1183 1482 1358 1515 reflectere.

928 1543 1036 1582 Aeger
1061 1550 1156 1582 aegro
1182 1540 1381 1580 suffragatur,

926 1590 1039 1622 Firma
1062 1589 1196 1629 languor
1220 1587 1399 1620 infirmatur

978 1637 1131 1669 Caritate.

930 1695 1148 1734 Obsequentes
1173 1702 1237 1725 non
1263 1693 1403 1725 admittit

929 1742 1000 1774 Nec
1023 1742 1145 1774 moveri
1170 1750 1204 1773 se
1229 1740 1395 1781 permittit,

928 1790 1040 1822 Donec
1064 1790 1174 1821 villam
1199 1798 1258 1821 rex
1279 1788 1448 1828 promittit,

976 1838 1064 1878 Quae
1089 1837 1195 1870 vicina
1221 1837 1369 1870 cernitur.

933 1895 1021 1928 Audi
1047 1895 1176 1927 chorum

933 1943 1142 1975 Famulorum

980 1990 1054 2023 Tibi
1079 1990 1307 2028 concinentem,

933 2038 998 2071 Sed
1023 2047 1151 2070 suorum

931 2085 1131 2117 Delictorum

980 2133 1083 2165 Fasee
1107 2131 1320 2171 fatiscentem,

979 2179 1080 2212 Serva
1101 2183 1190 2212 tuam
1213 2182 1349 2220 gentem,

934 2227 1014 2266 Spes
1039 2229 1176 2259 tuorum.

213 2304 296 2332 Miss.
321 2313 374 2331 ins.
401 2304 430 2332 S.
454 2304 604 2331 Barbarae
630 2304 661 2329 in
682 2301 772 2337 Algia
792 2309 867 2328 saec.
890 2299 934 2329 12.
957 2301 1028 2328 Cod.
1052 2301 1082 2329 S.
1105 2302 1274 2329 Genovefae
1294 2303 1455 2330 Parisiens.

138 2342 219 2410 3138
220 2342 288 2407 1gol.
309 2341 335 2369 7.
357 2342 421 2368 add.
445 2350 520 2369 saec.
541 2340 584 2368 14.
606 2355 643 2359 —
670 2338 722 2374 6b,
744 2337 759 2366 1
788 2339 943 2375 Doffinum,
969 2339 1142 2367 sabellium.
1164 2354 1200 2358 -—
1222 2338 1295 2374 121),
1326 2340 1343 2368 6
1363 2341 1456 2368 faces-
