1653 2632
699 136 961 172 —161—

175 217 218 251 10
228 228 256 251 a.
284 219 412 255 Summo
440 224 549 258 datum
575 229 678 260 coetui

329 270 464 303 Plurimi
489 275 647 308 testantur

282 314 342 354 Qui
368 318 408 350 de
432 321 524 353 malis
551 323 618 354 erui

326 363 412 397 Mire
434 375 469 398 se
491 368 661 402 laetantur.

173 418 252 451 lla.
281 419 335 452 Sic
361 421 458 456 effuso
484 426 564 457 coeli
586 436 660 459 rore

277 466 369 500 Novo
396 469 515 503 Christi
540 477 633 513 auget
658 473 737 507 flore

327 515 426 557 Proh,
452 520 538 558 patri
560 521 689 561 regiam.

865 234 946 268 iob.
972 234 1068 275 Cujus
1094 245 1154 276 ope
1178 239 1294 270 mortui

1015 282 1111 314 Multi
1136 285 1328 317 suscitantur

967 328 1011 361 Et
1034 330 1161 370 utrique
1185 333 1275 363 sexui

1016 376 1117 409 Grata
1142 380 1349 413 cumulantur.

860 432 941 467 nb.
963 434 1048 474 Agni
1075 418 1165 467 ros¹eo
1192 444 1304 468 cruore

965 481 1072 513 Floris
1096 482 1189 522 huJ'us
1211 483 1243 514 in
1267 484 1364 516 odore

1013 527 1181 561 Curramus
1207 530 1248 562 ad
1273 532 1414 572 gloriam.

249 589 336 618 Grau.
362 591 546 621 Franoisoan.
568 603 642 623 “aeta
666 595 709 624 14.
732 598 801 625 (ind.
824 600 962 636 Pragens.
984 601 998 630 1
1020 603 1046 631 Ε
1070 602 1113 631 12.

597 696 658 728 213.
701 698 741 731 De
762 702 870 732 sancto
894 702 1066 736 Francisco.

171 760 226 793 la.
255 761 348 794 Orbis
374 766 458 795 totus
484 767 671 805 gratuletur,
860 771 916 804 lb.
941 773 1026 805 Ordo
1052 774 1171 814 triplex
1195 777 1371 818 ordinatur,

253 808 318 841 Sub
344 810 517 844 Francisco
542 815 768 853 praelaetetur.
939 820 1094 860 Perquam
1117 824 1251 856 mundus
1275 825 1464 863 illustratur,

252 855 382 896 Signum
408 867 532 891 sacrum
557 861 742 896 admiretur,
937 866 1056 899 Domus
1081 870 1165 910 regis
1191 878 1369 910 reparatur,

251 902 336 935 Dum
361 906 510 945 stigmata
536 911 710 941 contuetur.
938 913 1002 946 Ubi
1028 916 1106 948 ordo
1133 916 1346 952 confirmatur.

167 959 223 991 Za.
251 959 353 992 Verus
379 971 501 1002 pauper
526 963 563 995 fit
586 965 753 1004 laetanter,
855 969 912 1001 ab.
938 970 1100 1004 Uastitatis
1127 973 1222 1005 donat
1247 975 1359 1015 legem.

251 1010 374 1048 Aegros
400 1013 492 1042 sanat
516 1012 722 1046 incessanter.

249 1055 337 1086 Aves
361 1060 469 1088 monet
490 1057 684 1100 affectanter,

249 1101 362 1134 Multis
388 1112 481 1144 opem
507 1104 571 1139 fert
595 1110 768 1146 gratanter.

166 1157 223 1189 3a.
252 1158 381 1191 Clarum
404 1160 493 1192 sidus
518 1162 698 1195 obcaecatis

244 1204 502 1240 EstFranciscus
508 1213 687 1242 monstrans
694 1212 792 1251 gratis

249 1251 369 1284 Collem
393 1254 641 1289 immortalitatis

246 1300 297 1331 Ac
322 1299 440 1333 fontem
460 1303 680 1340 jucunditatis,

852 1166 910 1201 ab.

937 1017 1076 1050 Obedire
1097 1020 1187 1058 jubet
1213 1030 1349 1065 gregem,

936 1065 1131 1104 Paupertate
1156 1067 1315 1100 Christum
1340 1077 1446 1109 regem

935 1110 1031 1151 Sequi
1058 1113 1149 1145 docet
1173 1123 1235 1146 non
1263 1123 1302 1147 ex
1325 1116 1435 1156 legem.

932 1167 1068 1200 Fontem
1092 1170 1199 1202 vivum
1223 1172 1430 1211 requiramus..

932 1215 971 1247 In
996 1224 1056 1255 quo
1082 1217 1193 1250 sordes
1218 1218 1392 1259 abluamus,

931 1263 1041 1301 Aquas
1066 1264 1155 1295 vivas
1180 1265 1361 1297 hauriamus

931 1308 977 1341 Ut
1001 1308 1139 1342 feliciter
1161 1312 1313 1344 vivamus.

238 1374 320 1401 Miss.
348 1383 400 1401 ms.
427 1375 572 1404 Attilense
601 1380 669 1405 anni
697 1377 780 1407 1454.
803 1381 875 1407 Cim.
896 1382 1064 1411 Monacens.
1092 1381 1176 1411 3311.
1196 1385 1231 1412 A.
1251 1401 1291 1405 —
1308 1386 1391 1414 Miss.
1423 1396 1475 1414 ms.

161 1411 348 1439 Francisvan.
369 1412 538 1441 Monacens.
564 1424 639 1443 saev.
669 1414 713 1445 14.
738 1417 810 1445 Cim.
833 1419 1001 1448 Monacens.
1023 1418 1107 1449 8710.
1131 1422 1164 1449 B.
1183 1439 1220 1442 —
1234 1421 1285 1457 21),
1308 1422 1325 1452 3
1346 1424 1474 1461 Pauper-

159 1450 250 1476 tatem
276 1449 311 1476 A.
337 1466 374 1470 —-
394 1449 453 1485 311,
476 1451 497 1480 4-
513 1452 554 1480 Et
578 1454 704 1482 feliciter
722 1455 757 1483 A.
780 1470 815 1475 —
836 1457 904 1484 Mel.
925 1457 1082 1493 jedenfalls
1110 1460 1154 1488 <lie
1184 1461 1235 1488 der
1262 1463 1476 1490 marianisohen

159 1485 293 1523 Sequenz
313 1488 448 1522 gleichon
468 1490 599 1527 Anfangs
619 1491 760 1523 (threin
780 1492 854 1529 273).

584 1592 644 1624 214.
686 1594 726 1625 De
747 1597 855 1627 sancto
876 1596 1049 1630 Francisco.

161 1659 214 1694 la.
242 1660 267 1692 O
295 1661 478 1702 Francisce,
510 1666 603 1702 pater
627 1665 690 1704 pie.

242 1707 292 1739 Sis
317 1708 449 1741 lucerna
473 1713 602 1742 nostrae
626 1712 706 1746 viae.

242 1754 300 1787 Cui
324 1756 405 1787 luxit
431 1756 479 1788 sol
503 1766 562 1797 pro
589 1759 641 1790 die

288 1802 383 1834 Nunc
408 1806 440 1835 et
463 1805 574 1836 mortis
598 1807 741 1838 articulo.

156 1859 213 1892 2a.
241 1859 300 1899 Qui
325 1859 438 1891 solaris
462 1863 499 1892 ut
522 1861 692 1901 adspectus

238 1907 337 1947 Igneo
362 1907 395 1938 in
420 1916 515 1940 curru
540 1911 651 1941 vectus

239 1954 341 1988 Casae
366 1953 502 1987 fratrum
528 1964 561 1988 es
583 1956 726 1990 invectus

286 2003 326 2034 In
352 2003 495 2035 caritatis
520 2004 670 2040 aestibus.

847 1667 905 1699 lb.
929 1667 979 1700 Sis
1004 1672 1168 1708 protector
1191 1671 1337 1711 filiorum,

928 1714 1123 1749 Informator
1148 1727 1271 1758 quoque
1295 1728 1427 1763 morum,

928 1763 1126 1796 Intercessor
1147 1769 1361 1807 peccatorum,

975 1810 1076 1842 Tutor
1097 1811 1136 1843 ab
1162 1812 1262 1844 host-is
1287 1814 1418 1853 spiculo.

845 1864 902 1897 ab.
923 1864 991 1897 Fac
1015 1876 1072 1899 nos
1097 1869 1201 1900 tecum
1224 1868 1423 1908 inflammari.

926 1913 1072 1946 Mon'bus
1097 1918 1129 1947 te
1151 1915 1281 1957 imitari,

927 1960 973 1993 Ut
997 1961 1057 1993 tibi
1083 1964 1258 1996 consociari

974 2009 1136 2042 Possimus
1160 2011 1195 2043 in
1220 2013 1418 2048 coelestibus.

231 2078 314 2105 Miss.
336 2087 389 2106 ms.
412 2079 598 2107 Francisean.
620 2089 695 2108 saec.
720 2080 763 2109 15.
786 2082 859 2110 Cim.
881 2083 1049 2113 Monacens.
1070 2083 1106 2114 23
1118 2084 1182 2114 277.

579 2177 638 2209 215.
679 2177 721 2209 De
743 2181 849 2211 saneto
870 2180 1043 2213 Francis-00.

151 2248 208 2281 la.
237 2247 343 2287 Caput
369 2247 516 2279 draconis
542 2248 686 2280 ultimum

233 2295 382 2329 Ultorem
407 2293 513 2327 ferens
537 2296 677 2337 gladium

232 2343 399 2375 Adversus
424 2343 485 2375 Dei
510 2344 663 2384 populum

232 2391 366 2425 Excitat
388 2391 506 2423 bellum
535 2392 714 2432 septimum.

204 2452 332 2478 Dreveu,
347 2451 492 2479 soqunntiae
506 2450 621 2474 lnmlitan.
655 2451 686 2474 11.

844 2251 901 2284 ib.
928 2251 1047 2284 Contra
1072 2254 1193 2286 coelum
1218 2256 1351 2297 erigitur

923 2299 968 2332 Et
990 2301 1153 2334 attrahere
1178 2302 1291 2336 nititur

923 2347 1098 2381 Maximam
1118 2352 1247 2390 ‚partem
1272 2352 1413 2385 siderum

923 2395 977 2428 Ad
1002 2396 1221 2430 damnatorum
1245 2409 1419 2434 numerum.

1261 2456 1294 2484 11
