1653 2632
660 134 826 170 —267
879 155 923 160 ——

136 228 191 261 6a.
219 227 411 262 Confutatur
825 232 882 266 6b.
902 232 1109 264 Debachatur

218 275 356 309 Daciani
907 279 1053 312 efferatus

217 323 336 363 judicis
361 324 508 366 perfidia,
907 327 1035 359 immani
1059 327 1200 361 saevitia.

137 381 192 413 73.
219 381 360 421 Raptum
382 382 472 422 jubet
827 385 883 418 7b.
909 384 1086 425 crepitanti

219 431 393 469 martyrem
419 439 493 462 mox
518 431 674 471 applicau·
907 433 975 464 sale
999 433 1248 472 consperguntur
1267 432 1379 472 prunis

219 477 262 508 ad
286 476 445 518 incendia,
906 483 978 512 usta
1000 479 1130 512 viscera.

138 534 195 566 8a.
222 533 421 574 Reportatur
448 535 550 567 denuo
574 537 697 575 martyr
826 536 885 570 8b.
908 536 972 568 Sed
996 545 1069 568 mox
1092 536 1232 567 resoluta
1255 536 1342 567 illius

223 581 265 613 ad
287 581 442 614 lectorum
466 583 585 623 mollia,
909 584 1011 616 coelos
1032 583 1115 623 petit
1139 583 1252 616 anima.

138 638 195 672 93.
222 637 309 670 Laus
335 639 377 670 sit
401 639 471 679 tibi,
496 639 594 679 Deus,
827 640 885 673 9b.
909 640 1006 680 Cujus
1030 649 1091 679 ope
1114 642 1204 672 tanta

221 689 400 739 martyrum
424 689 549 718 tuorum
911 688 1074 719 evicerunt
1098 690 1130 718 et
1152 689 1201 719 tot

223 737 368 773 motoria,
909 735 1091 769 luctamina.

522 791 575 824 10.
605 791 681 833 Ave,
708 794 831 831 martyr
854 792 1080 833 praedicande,

602 838 704 870 Nobis
731 839 810 870 coeli
836 839 953 879 gaudia

604 886 812 926 supplicando
833 887 979 926 impetra.

191 951 381 1016 1Missf'sms.
401 952 547 979 Beccense
572 959 647 979 saec.
677 949 721 979 13.
745 951 814 979 Cod.
834 951 992 979 Parisiens.
1020 949 1103 978 1105.
1123 965 1162 969 —
1180 950 1237 983 Sb,
1262 949 1274 977 l
1307 958 1347 986 sq.
1368 950 1451 977 illius

139 997 191 1017 coe
206 998 238 1017 os
258 998 295 1025 pe
310 999 321 1016 1
336 1009 342 1015 .

564 1051 629 1083 366.
666 1052 709 1083 De
729 1052 836 1082 sancto
858 1051 1031 1082 Vincentio.

140 1114 198 1146 13.
225 1113 372 1145 Militans
397 1113 430 1144 in
454 1112 567 1152 gratia,
829 1112 886 1145 lb.
909 1112 1013 1144 Prolis
1037 1112 1070 1143 in
1095 1112 1247 1143 memoria

223 1160 370 1192 Jubilans
395 1160 428 1190 in
452 1160 563 1200 gloria,
908 1159 1002 1191 Nova
1024 1159 1154 1190 laudum
1179 1159 1286 1190 munia

226 1208 249 1240 O
276 1210 378 1239 mater
404 1207 547 1247 ecclesia,
911 1206 962 1238 Da
985 1205 1093 1237 fruens
1116 1206 1240 1238 laetitia

270 1255 352 1295 Regi
378 1254 504 1287 Christo
959 1253 1018 1285 Die
1042 1253 1114 1285 isto.

143 1314 199 1345 23.
227 1312 362 1352 Sapiens
391 1311 444 1343 hic
469 1310 552 1343 filius
828 1310 885 1343 2b.
906 1310 956 1342 De
981 1318 1041 1349 quo
1062 1312 1127 1341 tam
1152 1310 1283 1341 eximius

227 1360 358 1392 Scilicet
386 1358 583 1399 Vincentius,
910 1357 1040 1389 Sursum
1067 1360 1098 1388 et
1122 1356 1257 1388 inferius

224 1406 287 1439 Suo
316 1406 520 1438 excellentius
911 1404 1033 1437 Crescit
1057 1404 1271 1436 abundantius

271 1454 358 1486 Laus
383 1454 427 1484 sit
450 1452 547 1492 patri.
955 1451 1068 1484 Honor
1091 1452 1196 1483 matri.

141 1514 198 1546 3a.
225 1511 335 1543 Sancti
358 1510 448 1542 Petri
472 1509 584 1550 regula
827 1509 886 1543 3b.
909 1508 1018 1542 Sancti
1043 1507 1125 1540 Sixti
1149 1509 1270 1548 regula,

223 1558 276 1591 Ab
303 1559 408 1589 aetate
431 1556 567 1597 parvula
909 1556 1093 1589 Sanctitatis
1119 1554 1265 1596 formula,

223 1605 358 1639 Litteris
382 1604 590 1645 praeambula
909 1604 963 1636 Ad
989 1605 1119 1635 aeterna
1143 1603 1260 1644 gaudia

270 1653 367 1685 Hunc
389 1652 550 1691 instruxit,
956 1652 1033 1684 Post
1056 1651 1217 1690 perduxit.

143 1713 199 1744 4a.
225 1712 288 1743 Per
312 1710 397 1741 hunc
421 1709 539 1749 gaudet
563 1708 716 1747 ethnicuS‚
828 1709 888 1743 4b.
913 1709 1028 1741 Omnes
1054 1708 1124 1740 sani
1145 1708 1292 1747 gestiunt,

227 1760 345 1790 Caecus
372 1759 404 1788 et
427 1755 632 1797 hydropicus,
909 1756 1063 1795 Daemon,
1089 1756 1195 1787 vincla
1220 1754 1345 1795 fugiunt

226 1805 359 1844 Surdus,
386 1803 576 1844 epilepticus
908 1803 954 1836 Et
976 1803 1144 1835 mundatos
1169 1802 1309 1834 sentiunt

271 1852 317 1884 Et
340 1851 473 1892 gibbosi.
958 1850 1000 1883 Se
1021 1850 1150 1890 leprosi.

145 1911 200 1944 5a.
227 1909 332 1949 Hujus
359 1908 435 1940 almi
459 1908 572 1949 gratia,
829 1909 887 1943 51),
911 1909 1042 1941 Sursum
1066 1907 1185 1939 Christi
1208 1915 1340 1939 munera

225 1958 362 1998 Quorum
388 1958 517 1996 praeter
541 1955 605 1987 alia
909 1957 987 1996 Fac,
1013 1955 1171 1994 Vincenti,
1197 1955 1362 1995 scandere,

226 2003 456 2037 Defunctorum
483 2012 617 2043 corpora
912 2003 971 2042 Qui
994 2003 1051 2034 sub
1071 2003 1182 2034 mortis
1207 2002 1349 2042 pondere

272 2051 489 2085 Reviviscunt.
958 2051 1181 2091 ingemiscunt.

215 2120 299 2147 MisS.
313 2126 366 2146 ms.
379 2118 562 2145 Voraviense
575 2114 621 2144 35.
636 2124 711 2145 saec.
726 2114 770 2144 14.
785 2133 822 2137 —
836 2116 888 2152 3b‚
905 2115 929 2144 1.
951 2115 1167 2153 Urspriinglich
1181 2115 1217 2143 de
1230 2124 1252 2143 s.
1266 2115 1427 2143 Laurentio
1439 2116 1454 2142 ⁴?

580 2199 643 2231 367.
683 2200 727 2231 De
748 2201 855 2232 sancto
875 2199 1023 2240 Virgilio.

142 2266 198 2299 13.
226 2265 251 2297 O
277 2263 458 2298 Jerusalem
483 2269 632 2301 superna,
831 2261 888 2294 lb.
911 2261 978 2300 Qua
1001 2269 1126 2292 sacrum
1152 2260 1283 2292 adauxit
1306 2260 1437 2292 chorum

223 2312 301 2345 Dies
326 2314 382 2343 tua
406 2309 601 2350 sempiterna
912 2310 950 2342 In
975 2308 1199 2349 splendoribus
1225 2311 1405 2340 sanctorum

223 2360 312 2394 Luce
337 2358 440 2399 fulget
463 2357 620 2389 hodierna
910 2357 999 2389 Luce
1021 2356 1094 2396 pari
1117 2357 1302 2388 meritorum

273 2408 368 2442 Coelo
394 2406 533 2439 demissa
558 2404 692 2448 clarius3
958 2404 1056 2437 Sacer
1078 2405 1207 2445 praesul
1231 2404 1395 2445 Virgilius.
