1653 2632
725 120 988 155 —202—

620 213 684 245 269.
724 213 767 244 De
788 213 898 243 sancta
916 212 1103 243 Katharina.

204 286 258 318 la.
288 284 509 317 Collaudemus
533 284 645 316 inclita
887 281 943 315 1b.
966 280 1097 314 Clarens
1123 280 1219 311 claris
1244 279 1377 317 artibus,

288 332 486 364 Katharinae
508 331 632 371 merita,
968 328 1055 361 Orba
1079 328 1144 359 suis
1169 326 1315 366 partibus

336 379 422 411 Costi
446 379 529 418 regis
552 379 648 421 filiae,
1014 375 1183 408 Praesidet
1208 373 1358 408 familiae.

205 437 260 468 2a.
286 435 383 467 Libat
408 435 469 467 diis
491 434 684 475 Maxentius,
884 431 942 464 ab.
963 432 1026 464 Per
1050 431 1133 463 hanc
1158 430 1235 462 victi
1258 430 1426 462 rhethores

286 482 402 514 Obviat
425 482 591 513 audentius
966 479 1044 519 Igne
1067 477 1149 510 fiunt
1173 480 1330 518 martyres

332 529 427 568 Regis
452 528 531 560 haec
556 527 735 566 erroribus,
1012 525 1084 558 Non
1109 526 1174 558 usti
1200 525 1395 565 corporibus.

204 587 259 619 3a.
285 585 448 624 Reginam,
474 584 687 624 Porphyrium
883 582 942 617 3b.
965 583 1049 615 Rota
1071 581 1163 615 ferox
1189 583 1333 621 struitur,

284 632 398 663 Armat
421 632 462 663 ad
483 631 670 671 martyrium
964 630 1112 661 Fulmine
1138 630 1284 670 diruitur,

330 678 375 710 Et
400 678 551 711 ducentos
576 678 756 717 complices,
1015 677 1143 710 Cadunt
1169 679 1200 709 et
1225 676 1365 717 opifices.

201 737 258 769 42.
288 734 386 767 Caesa
410 738 533 774 martyr
557 735 663 774 gladio
882 733 941 766 4b.
966 734 1055 767 Coeli
1086 734 1171 766 cives
1197 734 1337 768 veniunt.

284 781 406 821 Migrat.
429 781 468 813 ab
494 782 554 813 hoc
578 781 682 813 stadio
964 780 1058 813 Hanc
1083 780 1160 813 Sina
1185 781 1354 821 sepeliunt,

330 828 481 860 Fundens
506 829 557 860 lac
577 838 636 868 pro
654 828 823 869 sanguine3
1012 828 1136 860 Tumba
1159 826 1229 859 fluit
1253 829 1400 869 unguine.

206 887 259 919 5a.
285 886 348 917 Per
371 888 414 925 te,
439 885 528 925 virgo
553 885 650 926 regia,
886 884 944 918 5b.
966 884 1011 917 Et
1039 888 1072 916 te
1098 893 1167 916 cum
1190 885 1326 917 victoria

282 933 388 965 Ducat
412 932 454 964 ad
480 932 614 971 collegia
966 933 1004 965 111
1032 932 1162 964 coelesti
1186 932 1289 972 gloria

331 979 397 1010 Nos
423 982 602 1011 sanctorum
627 979 792 1019 Dominus,
1016 979 1273 1019 Contemplemur
1299 979 1448 1011 cominus.

275 1044 358 1071 Mite.
379 1052 431 1070 ms.
452 1044 661 1079 Hospitalense
684 1051 757 1071 saec.
782 1042 824 1071 14.
848 1043 916 1071 Cod.
939 1043 967 1071 S.
988 1043 1074 1071 Pauli
1095 1044 1133 1071 ad
1151 1044 1316 1071 Laventum
1336 1044 1441 1072 memb.
1462 1042 1510 1071 49.

201 1081 235 1108 A.
258 1098 295 1101 —
314 1081 396 1108 Miss.
417 1090 469 1109 ms.
491 1081 634 1109 Lincense
648 1084 675 1110 Γ
690 1091 709 1117 p
729 1079 775 1109 23.
798 1089 872 1108 saec.
895 1080 939 1109 14.
956 1082 988 1109 B.
1003 1096 1039 1100 —
1053 1082 1137 1109 Meh:
1159 1082 1237 1109 Veni
1260 1085 1360 1109 sancte
1380 1083 1515 1118 spiritus..

612 1173 677 1205 270.
717 1174 759 1205 Dc
780 1175 887 1205 sancta
906 1173 1096 1205 Katharina.

204 1238 258 1272 ia.
285 1238 475 1279 Jucundarc,
503 1238 594 1277 plebs
619 1238 734 1279 fidelis,
885 1240 942 1272 lb.
966 1239 1050 1271 Dum
1075 1240 1223 1280 regnanti
1248 1240 1316 1271 sine
1340 1238 1404 1271 fine

285 1284 368 1317 Nam
396 1286 563 1324 praeclara
586 1284 623 1317 fit
645 1287 678 1317 in
702 1286 797 1318 caelis
966 1287 1206 1326 Triumphantis
1232 1287 1433 1319 Katharinae

332 1331 439 1364 Hodie
464 1332 656 1373 solemnitas,
1015 1334 1112 1366 Salva
1135 1334 1228 1365 nubit
1251 1334 1392 1367 castitas.

203 1390 259 1421 2a.
288 1388 370 1426 Qun]
405 1388 488 1419 hanc
523 1388 642 1422 Christi
679 1398 827 1428 sponsam
886 1390 944 1422 2b.
965 1389 1029 1422 Sed
1054 1390 1107 1422 hic
1131 1391 1201 1430 opis
1226 1389 1350 1422 alienae

601 1435 750 1468 laudem?

286 1481 510 1521 Prosequendo
534 1483 631 1514 talem
656 1483 783 1515 laudem
970 1484 1042 1516 Non
1068 1487 1117 1516 est
1141 1493 1230 1527 opus,
1257 1485 1331 1525 quia
1353 1485 1450 1524 plene

334 1529 389 1560 Vis
414 1529 550 1561 humana
576 1529 691 1572 deficit,
1014 1532 1091 1571 Ipsa
1115 1532 1243 1572 quidem
1266 1530 1396 1566 sufficit.

205 1586 261 1618 3a.
288 1584 373 1623 Quae
396 1587 462 1617 tam
489 1586 582 1617 claris
606 1586 688 1618 nitet
712 1586 819 1627 signis,
887 1587 946 1621 3b.
968 1587 1053 1620 Satis
1079 1597 1118 1620 ex
1143 1597 1177 1620 se
1203 1589 1452 1630 commendatur,

285 1631 392 1664 Morte
415 1633 543 1672 vitaque
567 1633 710 1675 insignis,
969 1634 1032 1667 Suo
1059 1636 1216 1669 Christus·
1233 1645 1293 1668 nec
1319 1637 1440 1669 celatur

337 1679 416 1711 Tam
443 1688 524 1720 gena
548 1689 641 1720 quam
666 1688 791 1721 genere,
1018 1682 1147 1715 Artifex
1171 1684 1205 1716 in
1231 1692 1338 1724 opere.

204 1737 260 1769 4a.
287 1737 354 1768 Ista
379 1735 474 1768 fidem
501 1737 575 1769 dum
602 1737 753 1778 declarat,
887 1738 946 1772 4b.
972 1739 1092 1780 Regem
1118 1749 1244 1772 versum
1265 1741 1299 1772 in
1325 1739 1477 1781 furorem,

287 1783 332 1815 Et
355 1783 511 1815 medelam
537 1783 624 1816 ferre
646 1788 740 1824 parat
969 1786 1089 1827 Regem
1114 1797 1215 1829 suum,
1245 1797 1309 1824 non
1333 1791 1492 1820 rectorem

334 1830 448 1862 Errori
476 1832 650 1873 gentilium,
1019 1835 1167 1868 Ostendit
1191 1836 1400 1868 Maxentium.
1501 1834 1506 1840 '

206 1887 260 1920 5a.
288 1887 349 1919 Ille
369 1896 463 1921 sensu
487 1889 624 1927 puellari
890 1890 947 1924 5b.
969 1890 1007 1922 In
1031 1892 1171 1931 puellam
1195 1902 1269 1925 mox
1293 1892 1403 1924 irritat

287 1933 366 1966 Suos
389 1935 469 1966 ritus
491 1935 616 1967 irritari
970 1938 1212 1980 Quinquaginta,
1239 1949 1317 1980 quos
1341 1940 1507 1980 praeditat.

334 1981 445 2013 Mente
470 1981 575 2014 ferens
601 1983 706 2024 anxia,
1020 1986 1147 2027 Sensus,
1175 1987 1364 2027 eloquentia.

207 2038 264 2070 6a.
290 2037 397 2069 Mutos
427 2038 537 2070 reddit
561 2042 594 2071 et
619 2040 736 2072 deliros
890 2044 948 2076 6b.
968 2042 1047 2073 Mox
1074 2042 1213 2075 victores
1238 2042 1319 2075 fiunt
1342 2044 1398 2075 isti

290 2084 364 2116 Sola
385 2085 493 2124 plures
517 2086 604 2127 virgo
629 2088 725 2127 viros,
973 2089 1151 2122 Subeuntes
1173 2091 1283 2131 Jugum
1309 2090 1427 2123 Christi

338 2133 408 2165 Jam
433 2135 574 2165 maturos
598 2137 718 2177 tenera,
1020 2137 1225 2178 Tyrannique
1249 2138 1391 2171 vulnera.

208 2189 261 2221 7a.
289 2188 359 2220 Rex
383 2190 522 2228 puellam
547 2191 642 2222 melle
666 2199 807 2230 precum,
892 2193 949 2226 71).
972 2193 1042 2225 Nec
1060 2195 1242 2226 credentem
1266 2194 1493 2227 blandimentis

288 2236 327 2267 In
352 2244 412 2275 quo
435 2237 531 2277 jacet,
558 2238 643 2270 virus
670 2247 806 2278 caecum,
975 2240 1074 2273 Caedi
1095 2242 1188 2281 jubet,
1211 2242 1264 2273 hic
1285 2241 1450 2273 tormentis

288 2282 457 2323 Emolitur,
484 2282 570 2316 ferre
593 2294 699 2316 secum
974 2288 1072 2328 Quem
1092 2289 1165 2329 plus
1182 2292 1309 2329 torquet
1326 2287 1416 2320 furor
1429 2284 1517 2320 men‘-

1290 2336 1333 2367 tis

337 2377 452 2409 Mortis
474 2378 508 2409 in
534 2379 710 2419 caliginem.
1020 2383 1120 2422 Quam
1145 2386 1303 2416 tormenta
1326 2360 1493 2424 xiiiginem.
