1653 2632
610 665 676 697 373.
717 667 760 698 De
780 675 820 699 ss.
839 669 978 709 Angelis.

599 736 630 768 1.
657 735 804 768 Summae
828 738 979 770 trinitatis

655 786 722 815 tres
745 785 859 816 summi

657 830 802 863 adestote
827 833 941 873 angeli.

142 886 199 918 2a.
225 885 275 916 Tu
298 888 452 926 purgator
476 886 632 928 Raphael,

220 932 402 965 illustrator
427 932 568 974 Gabriel,

224 983 456 1012 consummator
479 981 631 1022 Michael,

139 1036 195 1069 3a.
221 1036 305 1067 Nam
330 1039 374 1077 tu,
401 1039 554 1078 purgator

221 1084 393 1124 oculorum,

222 1140 299 1171 quos
326 1132 468 1164 caecavit
490 1135 612 1165 stereus

222 1179 337 1218 avium,

220 1229 253 1257 te
277 1226 475 1258 demonstras

218 1276 422 1313 purgatorem
448 1275 600 1315 cordium,

221 1321 335 1360 quibus
359 1324 453 1353 nocet

219 1367 356 1400 foeditas

220 1416 455 1456 cogitationum.

136 1474 193 1505 4a.
220 1472 279 1514 Tu,
306 1473 360 1512 qui
383 1472 482 1504 habes
507 1482 636 1506 aureum

216 1520 414 1552 thuribulum

220 1576 289 1599 cum
314 1567 451 1599 incensis
477 1568 664 1610 orationum,

136 1626 192 1657 5a.
219 1624 306 1665 Ergo
332 1625 418 1664 quod
441 1625 566 1666 Petrus,

219 1671 392 1711 Johannes,
418 1671 567 1713 Jacobus,

216 1718 301 1750 inter
325 1719 495 1759 apostolos,

137 1777 192 1808 6a.
220 1774 358 1807 Jacobus

220 1826 252 1876 et
268 1822 421 1876 ‘Raphael
446 1824 634 1863 explantant

218 1874 380 1951 {ffnzhnes
405 1920 501 1958 atque
528 1917 659 1951 Gabriel

216 1966 381 1997 illustrant
406 1966 515 1998 corda.

138 2024 196 2057 7a.
224 2023 272 2055 Tu
300 2023 478 2064 draconem,

215 2073 252 2102 tu
275 2070 437 2103 Neronem

216 2119 374 2162 humilias,

216 2169 252 2198 tu
276 2167 433 2208 angelum,

215 2218 252 2246 tu
275 2214 442 2249 hominem.

131 2275 187 2307 8a.
214 2272 356 2304 Michael

213 2330 287 2352 nam
312 2322 419 2353 sonat:
445 2320 521 2360 Quis
545 2323 582 2352 ut
604 2321 702 2362 Deus,

209 2369 337 2401 humilis
362 2371 394 2400 et
419 2377 544 2401 erucem

211 2420 303 2458 gyrat
327 2417 452 2458 Petrus,

827 889 886 923 2b.
909 889 976 921 Nos
1000 893 1171 930 purgantes
1194 893 1329 933 macula,

906 938 1066 977 replentes
1090 939 1231 979 scientia,

909 987 1159 1017 consummantes
1183 987 1296 1027 gratia.

825 1040 887 1073 31).
910 1040 974 1072 Sed
998 1043 1043 1081 tu,
1070 1042 1124 1082 qui
1148 1042 1249 1074 visum

905 1087 1033 1120 Danieli

905 1135 1021 1174 pandis
1047 1138 1078 1167 et
1102 1139 1259 1168 secretum

904 1182 1029 1222 virgini,

904 1232 938 1260 te
961 1230 1103 1261 ostendis

904 1276 1108 1308 scientiarum
1131 1277 1321 1319 ministrum,

904 1332 985 1363 quae
1010 1324 1050 1356 de
1074 1333 1198 1356 sursum

905 1371 1103 1403 descendunt

904 1428 924 1450 a
946 1421 1039 1458 patre
1059 1419 1220 1451 luminum.

820 1475 879 1508 412.
899 1475 1002 1507 Deum
1026 1476 1135 1515 placas
1160 1476 1288 1509 humilis

904 1523 1103 1563 altissimum,

900 1571 1045 1602 minister
1070 1572 1380 1604 consummationum.

821 1627 878 1659 5b.
901 1627 973 1659 Hoc
994 1637 1062 1668 vos,
1084 1628 1235 1668 Michael,

904 1674 1044 1717 Gabriel,
1070 1675 1216 1715 Raphael

902 1722 977 1753 estis
1002 1723 1086 1753 inter
1109 1724 1248 1763 angelos

821 1777 878 1810 6b.
903 1778 961 1818 Tu,
987 1779 1093 1819 Petre,

899 1828 1005 1866 tuque,
1031 1825 1182 1867 Michael,
1208 1827 1277 1859 bini

902 1874 1038 1905 vertices

902 1920 1117 1963 perfectionis,
1143 1923 1270 1955 virtutis

901 1977 995 2008 pares
1020 1968 1227 2009 perfectores.

821 2026 878 2059 ¹710.
901 2025 987 2058 Hinc
1014 2027 1210 2068 daemonum,

901 2074 976 2105 hinc
999 2074 1175 2106 Romanum

901 2122 1134 2161 triumphantes

900 2169 934 2201 in
959 2169 1095 2202 Domino

876 2215 886 2226 ⁴
901 2218 1124 2257 principatum.

818 2274 875 2308 8b.
897 2274 1056 2307 Docentes

900 2331 1025 2355 omnem
1046 2324 1180 2364 gloriam
1207 2325 1305 2366 coelo,

898 2373 986 2403 terra
1010 2372 1070 2403 soli
1093 2372 1162 2405 Deo

902 2419 1113 2455 condebitam.

1214 2476 1274 2506 18*
