1653 2632
707 139 966 176 —155—

176 226 234 257 23..
262 225 330 264 Qua
354 228 454 261 Fides
480 230 564 264 alma
589 234 724 274 trophea

257 276 439 313 penetravit
462 276 569 311 ferens
594 282 706 315 aethra

258 321 414 355 victricia.

175 377 195 410 3
208 386 236 410 a.
264 377 357 411 Celsa
380 384 557 425 martyrum
582 388 710 418 caterva

260 428 438 467 congaudet
461 439 534 471 una,

258 477 389 507 sanctae
404 485 442 508 ac
458 477 572 510 beatae
584 478 675 512 Fidis
690 482 804 514 merita

257 521 381 554 subisse
403 533 468 556 una

259 570 475 603 contubernia.

174 621 233 654 4a.
259 620 320 653 His
346 622 440 655 turba
463 624 519 663 pia

255 670 322 709 jam
346 669 496 702 laudibus
518 671 640 712 ,iuncta‚

253 715 418 748 nobiscum
443 718 576 757 propria

253 763 390 802 promite
415 767 513 807 gesta,

173 814 229 846 5a.
257 813 341 846 Nam
367 820 479 848 exorta

254 861 344 903 virgo
368 865 571 897 sanctissima

254 917 293 940 ac
315 909 438 942 referta
462 913 566 953 gratia

253 958 448 997 sempiterna

252 1007 359 1036 mente
387 1005 502 1039 devota

253 1052 425 1084 exercebat

253 1102 341 1131 casta
365 1101 534 1140 tyrocinia.

169 1151 225 1183 6a.
251 1151 358 1183 Multa
382 1156 495 1185 ornata

249 1198 402 1231 virtutum
429 1200 521 1241 doxa,

251 1246 318 1286 ejus
344 1245 430 1279 fama
451 1248 546 1288 longa

252 1294 326 1325 dum
351 1295 466 1326 volitat
489 1304 548 1336 per
573 1306 660 1337 arva,

245 1341 414 1380 Judicialia

248 1388 330 1420 adiit
348 1389 432 1428 J'ura.

165 1439 220 1471 7a.
249 1438 352 1472 Saeva
374 1440 548 1473 decurrunt
572 1441 699 1483 flagella

246 1495 306 1527 per
327 1488 484 1528 ⁸iuvenilia
507 1490 651 1522 membra

246 1535 413 1576 omniaque
417 1545 499 1576 poen
503 1546 592 1570 arum
598 1541 791 1579 argumenta.

163 1588 220 1620 Sa.
247 1586 320 1619 Jam
344 1597 428 1620 nunc
452 1591 606 1629 tympana

246 1635 334 1666 clara
359 1639 432 1667 ante
456 1646 549 1669 sacra

244 1685 360 1714 sonant
388 1684 603 1726 epithalamia,

245 1738 315 1761 cum
340 1731 502 1770 sponsalia

248 1777 331 1809 dotis
357 1787 377 1810 a
403 1777 529 1811 Christo
554 1783 627 1811 sunt
652 1781 736 1812 data.

162 1829 217 1862 9a.
244 1828 317 1861 Jam
342 1838 469 1869 compos
495 1830 607 1863 effecta

243 1876 347 1909 sancti
371 1878 516 1919 nominis,
543 1878 641 1911 Fides
667 1880 760 1920 alma,

244 1924 341 1964 digna

242 1980 340 2012 prece
364 1981 461 2005 saeva
485 1974 575 2006 solve
599 1975 714 2008 vincla.

865 237 923 271 2b.

863 389 921 422 3b.

862 629 923 662 4b.

859 822 918 858 5b‚

855 1157 913 1190 6b.

852 1446 911 1479 7b.

849 1593 907 1627 8b,

851 1834 909 1868 9b,

946 239 1031 279 Agni
1056 248 1147 272 sacra
1169 242 1301 281 vestigia

945 286 1113 327 virginalia
1137 288 1279 327 sequitur

945 341 1003 373 per
1027 334 1105 368 lilia.

943 389 1049 430 Digna
1073 392 1246 431 gratiarum
1271 396 1345 425 vota

944 446 1021 469 voce
1046 447 1183 470 consona

944 485 1083 517 reddunt
1096 494 1165 517 cum
1171 486 1243 526 ipsa
1251 490 1393 528 martyre
1401 489 1487 521 socia

943 533 1021 573 regi,
1047 533 1101 572 qui
1126 536 1239 566 cuncta

942 579 1097 619 gubernat
1120 582 1234 615 saecla.

949 631 1039 663 Inter
1061 632 1173 664 inclita

945 687 1024 717 quae
1049 682 1228 712 sanctorum
1253 682 1375 721 scripta

941 726 1090 765 passione
1111 736 1202 760 sacra

938 775 1068 804 manent
1090 774 1208 807 lucida.

941 823 1098 865 Exempla
1119 827 1185 866 jam

941 873 1062 904 cunctis
1087 873 1221 917 vivifica,

939 921 975 949 ut
999 922 1129 952 aeterna
1152 923 1280 962 capiant

940 971 1147 1008 sacramenta,

940 1012 1058 1045 Christi
1080 1016 1186 1047 munia

936 1059 1091 1099 implebat

939 1107 1043 1139 solida
1068 1108 1267 1145 confidentia.

933 1158 1019 1190 Data
1042 1160 1152 1200 iniqua

936 1209 1012 1238 tunc
1037 1209 1194 1241 sententia

934 1253 1006 1293 ipsa
1030 1255 1071 1286 ad
1095 1259 1209 1294 parata

934 1300 1107 1340 suscipitur
1131 1305 1289 1337 tormenta

934 1351 1068 1387 propter
1097 1350 1246 1383 aetherea

932 1395 1111 1436 privilegia.

935 1446 1006 1480 Stat
1030 1456 1152 1481 summa
1175 1450 1294 1483 virtute
1318 1451 1381 1484 fixa

931 1494 1095 1535 intrepida
1119 1497 1238 1530 Christi
1264 1508 1390 1542 sponsa,

931 1545 968 1574 ut
976 1542 1076 1574 intret
1084 1547 1208 1577 secreta
1215 1546 1346 1578 thalami
1355 1546 1475 1581 fimeta.
1527 1573 1530 1576 -

930 1594 1076 1635 Namque
1101 1604 1217 1629 corona

931 1646 1106 1681 praeventa
1134 1644 1242 1677 lucida

929 1689 963 1720 in
990 1692 1162 1723 certamine
1186 1694 1291 1732 posita

928 1736 962 1767 in
988 1736 1107 1769 Christi
1133 1739 1247 1772 dextra

932 1784 1052 1823 quievit
1079 1794 1160 1825 pace
1184 1796 1331 1827 superna.

933 1835 999 1874 Quo
1021 1837 1172 1877 lampada
1196 1842 1306 1872 nostra

930 1885 986 1915 tua
1009 1884 1210 1918 redundante
1232 1886 1352 1921 referta

931 1932 1016 1963 celsa

929 1981 1034 2011 tecum
1060 1981 1220 2020 capiamus
1245 1991 1351 2024 regna,

618 2027 674 2060 10.
700 2027 767 2061 Ubi
791 2030 985 2070 sempiterna

700 2074 844 2109 fruamur
869 2078 952 2111 doxa

699 2123 732 2155 in
758 2125 895 2160 saecula.

231 2176 353 2211 Antiph.
387 2185 440 2204 ms.
470 2176 674 2207 Conchacense
701 2188 776 2208 saec.
808 2178 883 2210 ¹⁰l11.
914 2182 983 2211 Cod.
1009 2184 1169 2214 Parisiens.
1195 2187 1291 2215 NouV.
1319 2196 1381 2224 acq.
1405 2187 1472 2218 443.

153 2214 189 2242 A.
211 2229 251 2234 —
270 2215 354 2243 Miss.
383 2224 437 2243 ms.
457 2215 626 2245 Parisiense
645 2226 721 2246 saec.
744 2217 788 2246 14.
810 2218 880 2248 Cod.
902 2222 1058 2250 Parisiens.
1079 2221 1143 2252 835.
1164 2225 1197 2252 Β.
1218 2241 1256 2244 -
1276 2225 1332 2261 5b‚
1360 2226 1377 2254 2
1397 2229 1473 2256 vivi-

154 2252 256 2281 ficavit
274 2254 309 2281 A.
331 2269 368 2273 —
389 2252 440 2289 5b‚
462 2252 480 2282 3
500 2255 620 2291 rapiant
637 2256 672 2283 B.
692 2272 729 2276 —
744 2255 794 2291 5b‚
816 2257 834 2286 6
853 2260 976 2297 impleat
987 2261 1021 2288 B.
1037 2277 1072 2282 —-
1087 2260 1138 2297 6a,
1158 2262 1178 2290 4
1190 2263 1312 2291 Domini
1331 2265 1473 2295 nobilitat

153 2300 207 2328 per
235 2300 308 2320 arva
326 2293 359 2321 Β.
384 2307 422 2311 -
442 2292 460 2320 7
467 2300 497 2327 a,
519 2291 537 2320 2
560 2293 715 2329 ‚iuvenalia
732 2296 768 2323 A.
788 2313 825 2316 —
848 2297 905 2333 Ἦ),
926 2297 945 2326 2
964 2300 1048 2335 virgo
1068 2300 1155 2328 Fides
1176 2301 1285 2330 Christi
1304 2312 1414 2340 sponsa
1432 2306 1470 2341 B;

152 2331 303 2367 intrepida
321 2331 403 2359 fehlt.
418 2346 455 2350 --
469 2330 520 2367 7b,
542 2329 560 2360 3
579 2334 613 2359 ut
632 2334 711 2361 intra
730 2334 765 2361 A.
779 2351 817 2355 —
831 2334 882 2371 8b,
906 2336 919 2364 1
934 2338 1010 2366 Nam
1031 2341 1061 2366 et
1078 2340 1118 2375 B:
1139 2339 1265 2368 chotona
1280 2341 1314 2369 A.
1329 2358 1366 2362 —
1379 2341 1431 2379 8b,
1452 2342 1471 2372 3

149 2370 183 2396 in
202 2371 364 2398 certamina
384 2371 533 2406 potentias
555 2372 653 2407 posita
673 2372 705 2401 Β.
730 2388 768 2393 —
788 2372 840 2411 9b,
863 2373 878 2403 1
899 2376 1000 2411 lampa
1018 2376 1052 2404 B.
1073 2393 1109 2396 —
1131 2376 1181 2415 9b,
1203 2377 1221 2406 2
1241 2380 1363 2409 refertae
1384 2382 1417 2410 B.
1433 2397 1469 2402 —

151 2406 195 2445 10,
216 2405 235 2436 3
256 2408 356 2437 saecla
374 2409 408 2437 Β.
