1653 2632
175 233 236 265 4a.
262 234 358 266 Felix
380 245 541 278 puerpera

310 282 397 321 Quae
422 283 529 318 fructu
552 289 645 330 uteri,

259 328 320 369 Ea,
348 339 429 370 quae
450 334 563 374 vipera

309 377 455 412 Humano
481 383 590 421 generi

355 425 490 469 struxit,
516 431 552 460 tu
578 431 708 470 disjioiS.

174 480 234 513 5a.
262 480 367 522 Digne
395 483 568 517 laudabilis

309 529 439 562 Cunctis
463 531 624 574 fidelibuS,

259 576 544 611 Praeadmirabilis

308 623 499 665 cunctisque
523 626 670 666 gentibus

354 671 400 703 Et
421 673 639 712 peramabilis

171 726 231 759 6a.
258 726 305 759 Ut
327 727 371 759 sit
395 730 554 769 propitius

304 774 350 806 Te
375 778 602 810 venerantibus

255 822 349 854 Jesus
376 824 591 866 credentibus,

303 869 349 902 Ut
373 872 478 903 tecum
502 873 642 905 siderum

256 915 433 957 Jungamur
459 919 592 954 civibus,

245 991 331 1019 Miss.
351 1001 406 1021 ms.
427 994 628 1023 Zwethalense
649 1005 725 1024 saec.
748 995 794 1025 14.

816 147 859 183 51

863 245 923 279 4b.
947 245 1037 279 Sacri
1061 248 1249 287 plenarium,

994 294 1081 333 Quae
1104 304 1197 335 zyma
1221 296 1354 337 scoriae,

945 340 1061 373 Mortis
1084 342 1219 383 initium,

992 388 1055 420 Per
1079 392 1187 421 natum
1212 390 1333 430 gloriae

1039 437 1077 468 In
1105 437 1204 469 vitam
1227 438 1357 478 redigis,

864 491 922 524 5b.
944 491 1038 523 Nunc
1058 493 1120 524 tuis
1144 494 1302 534 laudibus,

991 539 1090 580 Virgo
1118 541 1298 582 purissima,

947 586 1005 618 Pie
1028 587 1221 620 instantibus

989 634 1101 666 Mente
1123 635 1267 675 piissima

1036 681 1136 713 Adsis
1161 683 1341 723 placabilis,

860 735 918 769 6b.
943 736 1078 778 Christe,
1105 739 1157 778 qui
1183 742 1239 772 tua
1260 740 1321 772 hae

988 784 1097 817 Matre
1120 789 1153 817 et
1175 785 1243 819 filia

940 831 1035 863 Ponis
1060 833 1118 864 sub
1144 834 1247 874 gratia

988 877 1129 911 Salutem
1154 881 1325 924 hominum,

939 925 1025 957 Hinc
1048 927 1110 958 tibi
1133 928 1243 969 gloria.

814 999 855 1025 in.
894 999 952 1026 Mit
970 1000 1039 1027 Mel.
1058 1013 1097 1023 a
1115 1002 1209 1030 Mittit
1227 1003 1265 1030 ad
1284 1005 1442 1039 virginem-

580 1097 627 1128 60.
666 1097 703 1129 In
722 1099 968 1131 Annuntiatione
987 1101 1075 1132 BMV.

169 1161 227 1193 1a.
257 1161 380 1204 Gaude,
403 1164 504 1206 virgo,
530 1167 625 1199 stella
648 1169 758 1209 maris,

255 1208 342 1248 Quae
363 1215 528 1250 parentem
554 1214 643 1254 virgo
666 1215 754 1255 paris

298 1257 421 1290 Mundo
447 1258 554 1292 ferens
578 1262 714 1304 gaudia3

167 1312 223 1347 2a.
252 1312 374 1356 Gaude,
401 1316 510 1357 rubus,
535 1318 629 1350 sedes
654 1318 742 1352 faeta

249 1360 398 1402 Deitatis,
424 1364 483 1395 sed
507 1365 629 1398 intaeta

296 1407 407 1442 Carnis
431 1420 491 1450 per
513 1412 681 1454 incendia;

162 1464 219 1498 3a.
248 1464 371 1506 Gaude,
390 1467 539 1500 thronum
560 1470 675 1502 summi
691 1471 788 1513 regiS,

246 1511 458 1547 Foederantis
483 1525 559 1548 area
583 1518 662 1558 legis

297 1560 470 1595 Continens
495 1565 667 1607 mysteria3

244 1616 366 1661 Gaude,
391 1621 488 1661 terra,
509 1630 589 1661 quae
605 1631 665 1662 per
681 1632 787 1655 rorem

245 1664 440 1699 Germinasti
464 1669 656 1702 salvatorem

291 1712 393 1746 Simul
419 1724 489 1747 eum
513 1717 655 1759 laetitia3

243 1768 365 1811 Gaude,
390 1771 491 1812 virgo,
516 1776 620 1805 mater
644 1774 705 1806 Dei

240 1816 428 1859 Singularis,
455 1822 565 1852 tantae
589 1821 636 1852 rei

288 1863 426 1897 Servans
450 1866 637 1908 privilegia3

157 1616 215 1648 4a.

155 1769 212 1801 5a.

153 1921 211 1952 62..
241 1919 363 1961 Gaude,
390 1922 459 1954 sola
483 1932 557 1964 spes
582 1924 745 1964 lapsorum

238 1967 361 2008 Gaude,
389 1969 485 2002 decus
510 1973 706 2013 angelorum,

285 2017 457 2049 Hominum
482 2019 622 2060 laetitia3

225 2091 310 2118 Miss.
329 2100 383 2119 ms.
407 2091 632 2123 Calmontanum
652 2104 728 2123 saec.
750 2094 794 2124 14.
817 2096 887 2124 Cod.
909 2098 1071 2126 Parisiens.
1091 2096 1175 2126 9442.

856 1169 914 1202 1b.
940 1169 1015 1202 Sine
1039 1174 1132 1211 patre
1155 1171 1244 1205 facta
1266 1183 1393 1215 parenS,

936 1217 1062 1250 Munda
1087 1228 1159 1251 caro
1184 1220 1258 1252 labe
1283 1230 1405 1263 carens,

985 1265 1075 1297 Coeli
1098 1267 1195 1306 plena
1218 1269 1331 1309 gratia.

853 1320 914 1352 2b.
937 1321 1037 1362 Virga
1061 1323 1171 1355 Aaron
1196 1334 1294 1365 supra
1317 1335 1438 1358 morem

936 1368 1026 1400 Parit
1050 1369 1198 1410 fructum,
1225 1373 1314 1411 parit
1335 1372 1447 1405 florem

983 1416 1080 1457 Virga
1104 1417 1196 1450 Jesse
1218 1420 1315 1460 regia.

851 1471 908 1504 3b.
931 1472 1093 1512 Spiritalis
1116 1485 1196 1507 urna
1221 1476 1294 1517 eibi,

932 1519 1063 1561 Domus,
1085 1522 1120 1554 in
1146 1532 1208 1563 qua
1234 1524 1361 1557 domum
1386 1525 1448 1557 sibi

975 1567 1070 1601 Fecit
1093 1570 1260 1610 sapientia.

846 1623 905 1657 4b.
929 1625 1015 1657 Fons
1024 1626 1199 1668 hortorum,
1215 1629 1339 1661 clausus
1349 1630 1470 1670 hortus,

927 1671 1035 1704 Favus
1052 1674 1189 1715 stillans,
1215 1676 1301 1708 vitae
1322 1680 1445 1717 portus,

975 1721 1075 1752 Porta
1100 1723 1179 1753 coeli
1204 1724 1326 1762 pervia.

844 1775 901 1807 5b.
924 1775 1017 1808 Nova
1041 1777 1137 1809 stella
1160 1787 1277 1810 novum
1300 1781 1410 1821 solem,

925 1822 1050 1855 Novam
1074 1824 1164 1865 virgo
1188 1825 1315 1865 profert
1332 1829 1470 1869 prolem,

972 1870 1112 1903 Laetans
1136 1875 1260 1912 patrem
1287 1873 1364 1907 filia.

842 1925 900 1958 6b.
924 1926 1008 1959 Nato
1033 1928 1097 1968 pio,
1123 1931 1227 1961 mater
1246 1931 1312 1972 pia,

923 1974 1100 2007 Mediatrix
1125 1985 1143 2008 0
1168 1976 1283 2020 Maria,

970 2022 1038 2054 Nos
1064 2024 1201 2056 clemens
1228 2027 1371 2059 eoncilia.

1214 2100 1273 2128 Mit
1290 2102 1361 2130 Mel.

582 2196 623 2228 61.
662 2197 706 2229 De
725 2197 917 2230 Visitatione
937 2199 1025 2231 BMV.

148 2265 203 2299 la.
229 2266 303 2298 Ave
325 2266 406 2298 lueis
432 2265 684 2309 fundamentum,

275 2313 372 2347 Fidei
395 2314 524 2357 positio,

228 2362 276 2394 Te
298 2362 439 2403 signavit
461 2362 694 2395 firmamentum

274 2409 411 2443 Factum
435 2410 469 2443 in
493 2411 663 2455 principio,

839 2270 894 2303 lb.
916 2270 1033 2312 Maria,
1054 2271 1233 2305 illuminata

964 2320 1029 2352 Per
1054 2319 1115 2352 duo
1136 2320 1317 2365 luminaria,

917 2367 1022 2401 Carne
1047 2367 1167 2400 Christi
1191 2369 1364 2402 humanam

963 2414 1040 2448 Cum
1067 2416 1187 2449 deitate
1210 2418 1307 2451 socia.

1244 2471 1288 2502 4*
