1653 2632
719 152 767 156 -—
815 133 883 168 261
938 153 978 158 —

630 224 695 256 357.
735 225 779 256 De
798 226 906 257 sancto
927 226 1081 258 Udalrico.

195 277 250 312 la.
278 278 400 320 Gaude,
432 280 509 312 coeli
538 281 634 321 curia,

277 327 434 359 Recolens
455 328 608 360 solemnia

325 374 474 407 Udalrici
498 376 665 419 praesulis,

193 431 252 465 2a.
280 430 402 471 Gaude,
429 432 570 472 gaudens
595 433 709 473 gaudio

279 478 359 510 Tam
385 480 471 511 claro
497 480 537 512 de
559 478 637 520 filio,

323 527 348 559 O
370 529 472 559 mater
497 527 641 568 ecclesia,

192 584 247 616 3a.
277 582 400 624 Gaude,
427 592 518 616 sacer
541 584 661 616 inclitis

275 630 431 663 Udalrice
455 631 578 663 meritis

321 678 457 710 Florens
483 678 522 710 ab
547 677 695 718 infantia,

191 737 249 768 4a.
277 735 400 774 Gaude,
426 735 513 766 orbis
538 733 669 777 framea,

275 782 381 822 Facis,
407 782 468 814 Dei
492 782 586 814 vinea

322 829 372 861 Ne
396 830 440 862 sit
464 830 574 862 hortus
599 830 729 871 olerum,

192 888 246 920 5a,
276 886 398 927 Gaude,
425 887 538 927 plenus
564 887 675 927 gratia,

273 934 393 966 Mentis
417 937 547 966 nostrae
568 935 677 974 spuria

321 981 390 1013 Tua
414 989 511 1021 prece
537 982 647 1024 expiat,

880 282 938 315 ib.
962 282 1082 322 Gaude,
1109 282 1195 314 orbis
1220 282 1333 325 orbita,

963 330 1036 362 Sole
1064 332 1152 361 tanto
1177 330 1334 370 praedita,

1008 378 1128 410 Lucem
1154 378 1249 409 dante
1272 378 1410 417 populis.

881 434 938 467 2b.
962 434 1083 475 Gaude,
1108 433 1211 465 libens
1236 443 1383 474 promere

963 481 1075 521 Corde,
1102 490 1166 523 ore,
1193 490 1289 520 opere

1007 529 1088 560 Tam
1113 528 1215 560 sancti
1238 529 1419 569 praeconia.

879 584 938 618 3b.
959 585 1081 627 Gaude,
1112 586 1166 625 qui
1186 586 1316 625 jeiuniis

960 633 1065 665 Instas
1094 636 1126 664 et
1150 633 1262 674 vigiliis

1004 680 1114 712 Flocci
1137 680 1280 719 pendens
1303 681 1407 713 noxia.

877 735 937 768 4b.
959 735 1080 776 Gaude,
1105 736 1214 776 lingua
1238 745 1343 777 aurea,

958 783 1052 815 Fidei
1077 783 1116 815 ab
1143 792 1217 815 area

1006 831 1129 870 Vepres
1156 831 1245 862 vellis
1270 831 1434 863 scelerum.

878 887 937 922 5b.
960 887 1081 927 Gaude,
1110 888 1198 919 dives
1223 888 1334 928 gloria,

958 934 1025 966 Nos
1049 934 1117 966 Deo
1144 936 1290 966 consocia

1006 982 1044 1013 In
1070 982 1199 1013 coelesti
1222 982 1336 1022 patria.

265 1042 349 1069 Miss.
378 1050 430 1068 ms.
451 1041 698 1070 Neoclaustrense
716 1042 776 1069 ΧΠ
794 1042 828 1069 Β.
857 1039 901 1069 11.
922 1049 998 1069 aec.s
1020 1039 1064 1069 15.
1084 1057 1122 1061 —
1141 1042 1209 1069 Mel.
1226 1042 1397 1077 jedenfalls:
1424 1044 1501 1071 Veni

190 1082 291 1107 sancte
312 1081 442 1113 spiritus.
463 1094 500 1098 --
519 1079 571 1113 4a,
595 1078 609 1106 1
633 1080 698 1107 orbi
717 1080 828 1107 framea
847 1080 902 1107 Hs.

631 1143 697 1175 358.
736 1143 780 1175 De
801 1144 912 1174 sancta
930 1143 1054 1175 Ursula.

190 1200 249 1233 la.
276 1200 358 1239 Ave,
383 1199 439 1231 lux
462 1200 606 1240 insignis,

273 1247 361 1285 Quae
387 1249 425 1278 ut
448 1246 516 1279 Deo
544 1247 646 1288 dignis

272 1294 408 1326 coelites
432 1294 566 1334 insignis

319 1341 488 1373 Thalamos
513 1341 699 1381 virginibus,

189 1400 245 1432 2a.
272 1398 363 1430 Haec
390 1407 447 1430 vas
473 1398 642 1438 egregium,

271 1445 392 1477 Gerens
418 1454 474 1477 cor
497 1445 627 1485 regium,

268 1493 366 1533 Fugit
390 1493 568 1533 conjugium

315 1540 360 1573 Et
382 1540 444 1572 viri
470 1540 632 1582 contagia3

186 1599 241 1631 3a.
272 1597 384 1630 Castra
408 1597 521 1629 summi
546 1597 630 1637 regis

317 1645 415 1685 Virgo
441 1654 498 1685 spe
518 1653 631 1676 secura

269 1693 410 1733 Sequens
436 1701 506 1724 cum
532 1692 660 1733 collegis

317 1740 449 1780 Spernit
472 1740 616 1780 peritura

186 1798 243 1830 4a.
269 1798 347 1830 Post
368 1797 466 1828 maris
491 1796 602 1836 gravia

313 1844 411 1876 Venit
435 1844 607 1882 Coloniam,

269 1891 421 1923 Ductrice
447 1891 550 1932 gratia

315 1940 463 1972 Tendens
488 1939 530 1971 ad
554 1939 696 1980 gloriam.

184 1997 240 2030 5a.
268 1997 346 2029 Mox
371 1997 505 2029 Romam
529 1996 661 2028 visitans

314 2045 502 2077 Sanctarum
533 2044 641 2076 concio

268 2092 325 2124 Nil
349 2102 480 2133 prorsus
505 2093 666 2124 haesitans

312 2141 412 2173 Redit
437 2150 506 2172 cum
533 2140 658 2180 gaudio.

181 2198 237 2230 6a.
264 2199 338 2233 Jam
361 2207 447 2230 nunc
469 2198 572 2230 invita

267 2246 391 2279 Cedens
419 2247 481 2279 hac
504 2246 580 2285 vita,

262 2295 331 2328 Icta
358 2295 476 2335 sagitta

312 2343 442 2377 Coelum
469 2341 595 2375 scandit
619 2341 755 2381 Ursu1a3

878 1199 935 1231 112.
955 1199 1063 1231 Morte
1088 1208 1149 1239 qua
1170 1198 1261 1231 fideli

956 1246 1112 1287 Flagrans
1136 1246 1209 1285 igne
1234 1247 1294 1278 zeli

956 1293 1089 1325 Scandit
1112 1294 1179 1325 alta
1204 1294 1283 1325 caeli

1002 1341 1122 1373 Ursula
1147 1349 1217 1372 cum
1240 1341 1377 1373 milibus.

873 1397 932 1431 2b.
957 1397 1116 1436 Quaerens
1142 1397 1293 1428 auxilium

951 1444 1110 1477 Undecim
1133 1444 1255 1476 milium

957 1491 1025 1524 Sibi
1044 1492 1193 1523 similium

1001 1539 1138 1571 Exsulat
1161 1548 1220 1579 per
1244 1539 1355 1573 maria.

873 1596 930 1630 3b.
954 1597 1089 1628 Turmas
1114 1597 1162 1636 pii
1186 1596 1290 1636 gregis

1001 1645 1061 1676 Pia
1084 1652 1196 1684 regens
1222 1652 1298 1676 cura

951 1692 1079 1730 Pensm,
1107 1700 1186 1731 quae
1210 1694 1284 1723 sunt
1307 1692 1397 1734 legis,

999 1739 1083 1772 Colit
1108 1738 1188 1770 coeli
1208 1739 1293 1778 jura.

870 1795 928 1829 410.
951 1796 1054 1828 Audit
1077 1805 1136 1836 per
1161 1796 1283 1827 somnia

1001 1843 1177 1876 Coelestem
1201 1843 1346 1874 nuntium

954 1890 1170 1931 Spondentem
1197 1891 1314 1931 gaudia

1001 1938 1064 1970 Sed
1089 1942 1163 1978 post
1186 1939 1382 1981 martyrium,

871 1995 930 2028 5b.
957 1995 1101 2028 Decurso
1126 1995 1230 2027 stadio

1000 2043 1104 2083 Vitae,
1131 2051 1210 2083 quae
1234 2044 1400 2086 praeterit,

951 2091 1107 2124 Percussa
1130 2091 1236 2131 gladio

999 2138 1188 2171 Hunnorum
1209 2138 1329 2172 interit.

870 2196 928 2229 6b.
951 2196 1038 2237 Ergo
1064 2196 1176 2227 beatae

951 2245 1025 2277 Jam
1048 2244 1221 2285 laureatae,

951 2291 1053 2324 Nobis
1076 2293 1203 2332 placate

1001 2339 1161 2372 Christum
1185 2349 1280 2381 prece
1305 2341 1424 2374 sedula.

254 2409 338 2437 Miss.
363 2414 417 2433 ms.
445 2403 475 2432 S.
501 2404 642 2439 Dionysii
668 2411 744 2430 saec.
771 2399 816 2429 14.
844 2401 913 2430 Cod.
938 2402 1098 2430 Parisiens.
1130 2399 1213 2430 1107.
1233 2417 1272 2421 -
1290 2403 1348 2430 Mit
1366 2403 1434 2431 Mel.
1456 2415 1493 2426 =

177 2450 242 2478 Ave
261 2448 355 2476 Maris
376 2444 473 2480 stella,
493 2443 594 2472 Mollis
615 2441 690 2469 coeli
710 2443 764 2469 etc.
