1653 2632
169 217 229 250 4a.

167 369 225 401 5a.

165 521 224 554 611.

164 672 221 703 711.

162 823 225 858 8a.

159 976 217 1009 9a.

156 1343 213 1376 la.

146 1591 208 1625 2a,

142 1837 202 1869 3a.

137 1989 197 2021 4a.

131 2285 190 2318 Eia.

710 135 948 170 -73—

256 217 306 250 Tu
331 221 440 260 puella
464 224 533 257 sola
555 227 688 268 prolem,
860 232 920 266 4b.
943 234 993 266 Tu
1016 234 1147 275 figulum
1171 240 1282 271 contra
1305 240 1401 272 ritum

256 264 332 299 Sola
356 269 445 308 paris
470 272 566 305 stella
589 275 689 307 solem
943 281 1134 326 Concepisti,
1161 293 1218 316 vas
1242 287 1386 332 politum,

300 313 352 347 De
377 316 478 350 Jacob
504 321 690 364 egrediens3
988 329 1052 361 Vas
1077 331 1234 364 laesuram
1259 335 1412 368 nesciens.

253 370 303 402 Tu
329 380 362 403 es
387 374 489 406 vellus
515 374 619 409 fusum
643 386 726 420 rore,
859 383 917 416 5b.
939 385 988 417 Tu
1013 394 1046 418 es
1070 387 1162 428 virga
1184 398 1266 422 novo
1290 400 1378 423 more

251 417 363 451 Rubus
388 420 470 461 ignis
495 422 529 454 in
552 424 680 466 rubore,
937 432 1091 465 Fructum
1114 444 1264 475 promens
1289 439 1377 471 salvo
1393 438 1481 483 flore,

298 465 435 499 Florens
460 469 551 502 Jesse
576 472 719 516 virgula3
984 480 1033 512 Tu
1054 483 1162 514 vatum
1187 485 1325 520 oracula.

252 522 301 553 Tu
327 532 360 555 es
387 534 469 565 rosa,
498 527 586 567 cujus
610 529 695 561 nodo
857 535 915 568 6b.
937 536 1024 568 Rosa
1046 538 1118 570 luce
1142 548 1205 572 non
1228 543 1404 584 marcescit,

249 568 368 602 Latens
392 570 486 604 fluxit
508 575 589 606 miro
614 577 709 609 modo
936 582 1009 615 Lux
1032 584 1065 616 in
1090 595 1163 618 rosa
1185 596 1249 619 non
1276 588 1440 631 decrescit,

296 617 435 651 Palliata
460 620 582 662 deitas;
984 631 1055 664 Stat
1078 633 1238 674 utrimque
1261 634 1407 671 firmitas.

249 673 359 715 Virgo,
387 675 482 708 decus
508 679 674 721 castitatis,
854 685 912 719 7b
936 686 1004 719 Tuo
1029 691 1125 728 partu
1149 699 1255 723 sumus
1282 695 1378 735 parti,

247 720 312 752 Per
336 724 369 753 te
392 722 485 755 nobis
509 726 659 766 relegatis
938 733 1021 773 Quos
1046 736 1183 776 subjecit
1206 739 1317 773 laevae
1340 742 1425 781 parti

294 766 457 802 Redditur
480 770 681 815 haereditas3
980 782 1107 816 Primae
1130 786 1242 818 matris
1267 789 1421 827 pravitas.

250 824 330 856 Jure
351 829 464 866 partus
488 831 521 860 te
545 839 609 862 non
632 831 742 875 laedit,
851 836 911 871 8b
934 838 1037 870 Tuum
1060 843 1188 879 partum
1212 843 1266 875 lex
1290 848 1424 878 naturae

246 872 344 912 Cujus
369 877 497 913 partum
520 886 584 909 non
608 881 775 918 praecedit,
934 884 1048 925 Stupet
1072 896 1128 920 suo
1154 888 1256 923 fracto
1277 892 1359 934 jure,

293 920 439 953 carnalis
464 921 640 966 fragilitas,
978 932 1064 965 Dum
1088 936 1176 974 pan't
1199 937 1375 978 virginitas.

245 975 350 1017 Salve,
372 981 484 1019 mater,
511 981 607 1013 stella
627 983 734 1025 maris,
849 986 908 1022 9b
930 988 1015 1021 Tuos
1041 999 1160 1032 serVOS,
1187 994 1287 1035 virgo,
1313 1004 1416 1038 serva,

243 1023 330 1062 Quae
353 1034 433 1064 prae
459 1028 581 1060 cunctis
606 1029 787 1064 sublimaris
929 1035 980 1067 Ne
1004 1046 1061 1069 nos
1087 1016 1187 1071 host'is
1212 1040 1300 1073 fraus
1322 1047 1474 1083 proterva

289 1072 328 1103 In
353 1073 433 1104 coeli
456 1075 594 1115 palatim
975 1083 1149 1125 Demergat
1172 1087 1206 1118 in
1228 1088 1317 1122 vitio.

239 1145 327 1173 Grad.
349 1156 403 1175 ms.
427 1147 658 1185 Compendiense
678 1160 754 1181 saec.
777 1152 820 1181 14.
843 1155 912 1184 Cocl.
933 1157 1092 1186 Parisiens.
1114 1158 1149 1187 17
1158 1159 1223 1189 329.

601 1270 648 1302 90.
688 1272 732 1304 De
757 1273 853 1305 beata
868 1274 970 1306 Maria
992 1276 1028 1307 V.

239 1344 295 1376 Ad
319 1345 447 1377 laudem
471 1347 614 1390 virginis,
844 1354 904 1387 1b.
930 1354 995 1387 Sub
1024 1356 1138 1389 umbra
1162 1360 1299 1393 numinis

238 1391 339 1431 Quam
363 1394 469 1433 replet
490 1393 626 1429 flaminis
921 1403 976 1435 Ad
999 1403 1103 1436 instar
1126 1403 1263 1439 fluminis

282 1439 439 1482 Potentia,
968 1449 1025 1482 Fit
1049 1452 1150 1493 copia,

280 1486 487 1521 Renovantur
507 1491 620 1534 omnia,
968 1498 1008 1530 In
1033 1507 1095 1538 qua
1118 1500 1205 1533 redit
1227 1503 1340 1543 gratia,

328 1535 415 1575 Quae
441 1536 543 1570 deitas
567 1540 718 1578 patravit.
1017 1545 1104 1585 Quae
1127 1548 1236 1581 saucia
1261 1551 1394 1583 curavit.

234 1590 344 1623 Rubus
367 1592 442 1634 igne
467 1594 581 1627 claruit
838 1599 897 1634 2b.
918 1601 1014 1642 Legis
1038 1602 1152 1635 umbra
1176 1605 1308 1645 pellitur

231 1638 301 1670 Nec
325 1640 468 1672 comburi
491 1643 605 1684 potuit,
919 1649 963 1681 Et
988 1649 1029 1681 dc
1052 1659 1168 1683 manna
1192 1652 1332 1694 gignitur

277 1687 317 1718 In
341 1687 466 1728 virgine
965 1696 1183 1739 Vermiculus3

280 1732 356 1765 Sine
379 1735 441 1766 viri
469 1737 590 1769 semine
965 1743 1109 1777 Infidelis
1129 1747 1267 1786 populus

327 1780 522 1815 Fecunditas
548 1785 709 1818 laudatur.
1012 1791 1059 1824 Ut
1081 1792 1203 1825 hedera
1228 1794 1376 1828 siccatur.

229 1837 339 1869 Venus
364 1847 479 1879 rorem,
505 1840 598 1882 virga
619 1840 731 1875 florem
834 1845 892 1879 3b.
916 1846 1017 1879 Stella
1040 1849 1140 1880 solem
1165 1850 1255 1891 virgo
1279 1853 1401 1892 prolem

227 1883 300 1916 Jam
327 1886 482 1927 concepit,
509 1897 601 1927 quem
627 1891 753 1931 excepit,
916 1894 1098 1937 Generavit,
1127 1906 1220 1937 quam
1244 1899 1383 1939 signavit

275 1931 435 1965 Gedeonis
462 1935 625 1970 conchula.
962 1943 1166 1982 Prophetalis
1191 1945 1325 1986 virgula

225 1988 351 2021 Novum
374 1989 462 2022 Deus
487 1992 617 2025 aethere
830 1997 891 2031 4b.
917 1998 1021 2039 Caput
1045 2001 1155 2041 anguis
1181 2004 1344 2045 sternitur,

224 2036 310 2069 Miro
336 2036 415 2069 facit
438 2048 551 2079 opere:
912 2046 1010 2079 Sacro
1033 2048 1117 2087 pede
1139 2050 1305 2095 premitur,

223 2084 283 2117 Vir
306 2085 449 2118 nascitur
471 2096 531 2119 nec
555 2089 716 2129 rumpitur
911 2094 1085 2137 Subigitur‚
1112 2098 1287 2130 conteritur

271 2132 423 2174 Virginea
446 2134 602 2176 clausura,
959 2142 1010 2175 Ab
1036 2143 1173 2176 humana
1198 2144 1342 2187 factura3

220 2179 275 2213 Sic
298 2184 435 2214 matrem
459 2182 613 2224 virginem
909 2190 1103 2223 Plaudamus
1127 2192 1222 2224 liberi

268 2228 442 2269 Obstupuit
466 2233 590 2265 natura.
958 2237 1008 2270 De
1032 2239 1135 2271 veteri
1155 2239 1293 2281 J'actura.

218 2284 402 2318 Creatorem
432 2291 578 2321 creatura
825 2293 885 2328 5b.
907 2294 994 2327 Deus
1019 2295 1113 2329 homo
1136 2298 1226 2338 regni
1253 2299 1346 2333 domo

217 2333 398 2368 Veneretur
907 2342 1037 2375 Pulsum
1060 2354 1155 2385 pomo

263 2384 296 2414 et
320 2383 440 2416 serviat
465 2385 589 2418 auctori
597 2396 605 2428 ;
955 2392 1097 2424 restituit
1121 2393 1244 2429 honori.
