1653 2632
735 126 993 162 —107—

205 213 261 245 721.
289 213 314 246 Ο
339 214 471 255 Antoni,
498 225 517 249 o
540 218 672 259 Antoni,
891 225 909 256 7
917 224 950 258 b.
972 224 1031 263 Qui
1056 226 1192 258 attolunt
1218 229 1251 258 te
1276 227 1394 268 devoti,

285 260 379 294 Dono
408 263 483 295 doni
507 266 622 297 summi
646 266 721 299 boni
972 272 1035 303 Per
1059 276 1092 304 te
1115 273 1184 305 Deo
1209 273 1288 306 fiant
1311 275 1388 315 noti,

285 308 453 342 Absolutis
478 320 498 343 a
520 312 651 345 tributis
971 319 1019 353 Ut
1040 329 1060 351 a
1082 320 1174 352 malis
1198 321 1374 353 liberentur

286 355 339 388 Da
363 358 485 399 salutis,
514 359 556 392 da
578 360 707 393 virtutis
969 366 1015 398 Et
1039 375 1109 399 cum
1130 368 1225 407 justis
1248 369 1464 408 jucundentur

334 403 466 437 Culmen
490 407 742 446 apprehendere.
1017 414 1127 446 Juncti
1152 416 1225 455 pari
1250 415 1389 449 foedere.

278 478 367 507 Grad.
388 489 442 507 ms.
462 481 731 511 Bernhardinorum
752 485 938 515 Cracoviens.
961 496 1036 516 saec.
1057 486 1132 517 15Ιιᾶ.
1152 505 1189 509 -
1208 491 1292 518 MeL:
1314 491 1418 519 Lauda
1433 493 1513 520 Sion.

630 593 689 625 136.
720 595 764 626 Dc
783 596 890 627 sancto
911 598 1084 639 Arnulpho.

203 658 257 690 la.
284 659 455 692 Hodierna
482 663 659 695 recolamus
890 666 945 701 lb.
970 668 1044 700 Pari
1069 672 1142 701 voto
1165 670 1384 709 persolvamus

330 707 493 747 Arnulphi
518 709 681 751 solemnia,
1015 715 1058 747 Ei
1081 716 1210 748 laudum
1233 717 1350 751 munia,

200 762 256 794 2a.
283 761 379 794 Hunc
403 765 539 804 gentiles
564 771 750 810 genuerunt,
887 769 945 802 2b.
967 770 1133 811 Baptizari
1156 777 1340 805 meruerunt

330 809 395 842 Sed
422 811 531 844 divina
555 815 660 854 gratia
1015 818 1131 858 Spreta
1156 820 1316 852 idolatria.

198 866 255 898 3a.
281 866 472 906 Baptizatur
497 873 529 901 et
551 869 646 912 filius,
886 873 945 906 3b.
969 873 1127 907 Informat
1151 885 1221 907 eum
1245 877 1348 909 literis

281 913 417 946 Sanctus
443 916 527 948 enim
547 918 710 958 Remigius
967 920 1078 953 Novae
1101 923 1181 963 legis
1207 926 1239 955 et
1261 925 1389 965 veteris,

328 960 477 1002 Suscepit
502 963 646 1005 filiolum,
1012 968 1142 1001 Intimat
1166 973 1198 1001 et
1221 971 1409 1010 symbolum.

196 1018 252 1049 422.
280 1017 491 1051 Commendat
510 1020 594 1052 hunc
612 1022 823 1065 chlodovaeo,
882 1023 940 1056 412.
963 1024 1052 1056 Nutu
1076 1025 1139 1057 Dei
1163 1027 1361 1066 sublimatur,

281 1065 468 1098 Honoratur
492 1067 545 1098 hic
570 1069 609 1100 ab
637 1078 673 1101 eo
961 1071 1060 1111 Nepti
1084 1073 1168 1112 regis
1195 1076 1361 1113 copulatur

324 1112 371 1143 Et
396 1114 516 1145 cunctis
541 1116 663 1155 palatii,
1011 1118 1098 1159 Lege
1122 1121 1323 1153 matrimonii.

195 1169 251 1200 5a.
279 1168 422 1208 Sponsus
447 1179 594 1210 sponsam
621 1172 750 1214 deserit,
882 1174 940 1207 5b.
961 1174 1075 1207 Refert
1099 1176 1160 1208 hoc
1183 1177 1337 1218 Remigio,

277 1216 422 1256 Angelus
447 1217 509 1249 hoc
532 1220 672 1260 suggerit
961 1221 1067 1254 Datur
1090 1223 1272 1256 benedictio

323 1263 515 1305 Dormienti‚
1009 1269 1194 1303 Recedenti.

193 1320 250 1352 tia.
277 1318 365 1351 Loca
389 1323 500 1352 sancta
525 1322 642 1361 visitat,
881 1324 938 1357 6b.
962 1324 1080 1357 Caecos
1106 1329 1137 1357 et
1159 1327 1327 1371 illuminat,

275 1365 333 1397 Vir
359 1366 527 1400 defunctos
549 1370 682 1402 suscitat
961 1371 1140 1405 Daemones
1165 1374 1308 1406 eliminat

321 1414 498 1457 Palatinus,
1007 1418 1209 1462 Peregrinus.

191 1470 248 1502 7a.
274 1469 361 1502 Urbs
386 1471 540 1504 Ravenna
565 1474 754 1515 gratulatur,
879 1475 937 1508 7b.
959 1476 1053 1508 Alter
1072 1478 1139 1517 jam
1165 1477 1364 1522 efferebatur,

274 1516 352 1550 Cum
379 1517 547 1552 defunctus
573 1522 745 1554 suscitatur
961 1522 1025 1555 Sed
1050 1525 1092 1557 ad
1118 1526 1216 1558 vitam
1241 1532 1410 1560 revocatur

319 1565 444 1605 Raptus
469 1576 489 1598 a
514 1567 738 1611 daemonibus;
1007 1571 1174 1613 Peregrini
1199 1574 1357 1613 precibus.

189 1622 246 1654 Sa.
274 1621 468 1655 Turonensis
493 1628 565 1657 orat
591 1626 704 1666 clerus,
877 1627 935 1662 8b.
960 1628 1055 1661 Cedit
1077 1638 1221 1670 serpens,
1243 1632 1344 1672 surgit
1368 1642 1501 1674 mersus,

270 1669 366 1701 Hunc
391 1671 513 1703 revelat
536 1675 648 1711 pastor
673 1683 777 1718 verus,
957 1676 1012 1708 Ad
1036 1685 1185 1716 sponsam
1210 1683 1338 1710 sanctus
1355 1689 1503 1713 reversus

320 1716 477 1750 Sacerdos
503 1719 649 1760 eligitur3
1005 1724 1036 1754 A
1061 1725 1162 1756 servis
1188 1726 1352 1759 occiditur.

188 1774 207 1803 e
216 1780 245 1804 a.
270 1771 404 1813 Linquis
429 1775 542 1815 solum,
876 1778 934 1811 9b.
958 1779 1057 1812 Placa
1081 1780 1243 1813 Christum

269 1819 357 1851 Petis
382 1822 501 1862 polum,
955 1826 1049 1858 Diem
1073 1828 1170 1859 istum

316 1868 412 1900 Felix
437 1871 569 1909 martyr,
596 1870 709 1910 hodie;
1005 1874 1129 1907 Colenti
1153 1874 1303 1909 familiae.

261 1942 345 1970 Miss.
366 1951 419 1970 ms.
439 1943 616 1973 Fossatense
635 1953 710 1973 saec.
732 1944 776 1974 14.
799 1946 867 1975 Cod.
887 1948 1047 1976 Parisiens.
1069 1947 1104 1976 12
1112 1948 1177 1978 060.

605 2065 665 2097 137.
696 2066 741 2098 De
761 2068 870 2100 sancto
889 2070 1074 2109 Augustino.

207 2135 265 2168 1a.
290 2135 379 2168 Ecce
403 2134 509 2167 Patris
536 2138 569 2167 et
593 2136 734 2169 doctoris
897 2140 954 2172 1b.
978 2139 1196 2181 Hipponensis
1220 2144 1401 2185 Augustini,

288 2182 519 2223 Praeclarique
544 2182 734 2217 confessoris
980 2187 1075 2228 Cujus
1099 2188 1162 2221 fuit
1185 2199 1220 2222 os
1247 2191 1347 2223 divini

337 2230 453 2271 Fulget
477 2231 668 2273 natalitium,
1024 2236 1120 2269 Roris
1145 2238 1354 2271 stillicidium.

205 2289 261 2321 2a.
290 2287 340 2321 Sit
366 2288 434 2328 ejus
460 2286 618 2321 fesfivitas
894 2293 952 2326 ab.
975 2292 1039 2326 Sed
1063 2294 1155 2326 nobis
1179 2296 1390 2337 potissimum,

288 2336 482 2369 Cunctorum
503 2337 698 2379 jucunditas,
976 2341 1095 2381 Quibus
1120 2342 1364 2376 saluberrimum

333 2384 414 2424 Quia
440 2385 562 2417 cunctis
586 2385 719 2428 profuit,
1021 2390 1181 2423 Canonem
1204 2391 1352 2426 instituit.
