1653 2632
739 112 1000 147 —206—

243 216 297 248 6a.
322 209 841 252 NamPipinus‚duxFraucorum,
924 207 982 241 6b.
1002 208 1119 240 Preces
1151 204 1259 238 fundit
1287 208 1323 237 et
1341 204 1527 246 frequenter

323 261 382 300 Qui
405 260 538 299 legalem
562 256 643 297 fugit
667 256 804 295 thorum,
1005 255 1110 286 Instat
1133 253 1263 293 praesul
1288 256 1320 285 et
1343 255 1499 294 patenter,

323 307 459 339 Fractor
483 307 597 346 legum,
623 305 750 344 spretor
774 311 840 334 mo·
1003 300 1100 333 Illum
1125 303 1233 332 monet
1258 302 1290 331 et
1315 299 1496 342 clementer,

371 401 536 433 Adhaeret
561 360 734 430 addltldrae.
1051 394 1130 426 Vult
1155 402 1225 425 eum
1248 394 1411 434 inducere,

243 460 296 490 7a.
324 459 371 491 Ut
395 458 573 495 contempto
598 462 681 486 nexu
705 453 763 485 tali
924 451 983 485 7b.
1005 451 1050 483 Et
1074 459 1260 490 perversum
1287 453 1389 482 mutet
1406 459 1526 482 morem

323 505 367 537 Et
395 505 500 535 amota
525 510 620 534 causa
643 501 721 532 mali
1006 499 1102 531 Caste
1125 498 1236 530 vivens
1262 500 1294 529 et
1319 506 1446 530 uxorem
1471 515 1518 520 —

323 550 387 583 Sub
416 550 564 589 amplexu
590 547 747 587 conjugali
1007 545 1100 578 Cedit
1130 546 1213 577 enim
1238 545 1279 577 ad
1304 545 1455 577 honorem
1482 564 1524 568 —-

368 596 477 629 Motus
504 595 607 627 carnis
634 594 760 636 dirigat,
1053 592 1127 624 Non
1150 593 1310 624 incestam·
1330 592 1453 633 diligat.

242 656 297 688 Sa.
323 653 472 693 Alpaidis
496 652 546 684 his
570 651 711 691 acceptis
923 649 982 684 8b.
1004 649 1120 682 Verbis
1141 658 1200 681 usa
1223 649 1388 681 venenatis

368 699 547 740 Flagrescit
571 698 765 737 medullitus,
1051 696 1218 728 Dodonem
1239 696 1433 737 aggreditur,

321 747 394 780 Non
416 747 563 786 adspirat
583 745 651 777 suis
677 744 797 784 coeptis
1004 744 1101 776 Illum
1125 746 1227 784 urget,
1252 746 1337 775 artat
1360 744 1449 782 satiS,

367 795 471 827 Dator
494 793 583 833 pacis
602 793 745 833 spiritus,
1053 790 1107 822 Sic
1131 793 1258 822 sanctus
1282 791 1459 830 perimitur.

241 853 295 885 9a.
324 851 378 882 Sic
402 850 507 882 hostia
530 850 679 881 salutaris
924 847 982 879 9b.
1008 846 1073 878 Sed
1104 847 1289 887 redemptor
1312 846 1527 887 protoplausti

321 898 506 930 Immolatur
531 899 563 928 et
585 897 621 928 in
644 896 708 928 aris
1005 894 1187 933 Vespertini
1212 894 1389 926 holocausti

370 944 466 977 Sacer
490 944 618 984 sanguis
640 942 804 981 funditur,
1053 941 1160 974 Odore
1183 940 1335 974 reficitur.

216 1003 259 1035 10
269 1012 299 1035 a.
327 1002 451 1033 Vervex
475 1001 561 1041 pelle
585 1000 757 1039 rubricata,
901 998 981 1031 1011.
1004 998 1157 1030 Passione
1181 997 1387 1037 rubricatum,

322 1050 425 1088 Super
448 1048 553 1080 nivem
580 1047 737 1087 dealbata,
1007 1044 1162 1077 Castitate
1187 1045 1393 1076 candidatum

369 1096 492 1135 Tegens
517 1094 769 1134 tabernaculum,
1056 1092 1164 1124 Gessit
1187 1092 1414 1125 habitaculum.

218 1154 259 1186 11
270 1162 297 1185 a.
324 1153 384 1192 Qui
408 1152 549 1183 torcular
572 1151 621 1182 sic
646 1151 781 1182 calcavit
901 1149 944 1182 11
952 1148 985 1182 b.
1006 1150 1037 1181 A
1061 1149 1202 1188 peccatis
1227 1148 1390 1180 absolutos

324 1200 371 1232 Et
394 1200 448 1240 qui
472 1201 593 1231 vestem
620 1197 782 1230 dealbavit
1010 1195 1105 1228 Coelo
1125 1196 1240 1236 jungat
1264 1198 1297 1227 et
1320 1195 1445 1227 ablutos

368 1247 454 1286 Agni
477 1246 546 1278 veri
570 1245 732 1285 sanguine,
1055 1242 1123 1275 Nos
1148 1243 1267 1275 reddat
1290 1251 1310 1274 a
1335 1242 1476 1276 crimine.

291 1331 374 1358 Miss.
396 1339 449 1357 ms.
469 1330 655 1365 Trajectense
676 1336 751 1356 saec.
774 1326 818 1355 15.
840 1326 910 1354 Cod.
932 1327 1074 1354 Mazarin.
1096 1324 1162 1354 433.
1183 1324 1267 1361 (224).

642 1438 706 1469 275.
746 1438 788 1469 De
810 1437 916 1469 sancto
936 1436 1112 1467 Lamberto.

218 1521 273 1552 la.
303 1519 428 1552 Christo
453 1519 564 1551 laudes
582 1519 661 1551 dans
681 1518 842 1558 applaude
903 1516 961 1549 1b.
983 1517 1074 1556 Aper
1098 1516 1186 1555 cujus
1211 1518 1283 1547 ortu
1308 1516 1435 1556 gaudet,

299 1566 350 1598 De
372 1566 536 1598 Lamberti
564 1566 659 1607 digna
682 1565 780 1597 laude
983 1563 1048 1595 Sed
1071 1571 1113 1594 ne
1135 1563 1273 1595 mundus
1299 1571 1369 1594 eum
1390 1561 1529 1602 fraudet,

345 1613 466 1646 Nostra
488 1614 629 1653 psallens
655 1612 774 1653 concio,
1030 1610 1136 1642 Ardet
1162 1610 1332 1643 desiderio.

220 1672 276 1703 221.
304 1670 364 1709 Qui
387 1670 524 1702 lactatus
550 1669 729 1709 disciplinis
903 1668 960 1700 2b.
986 1668 1064 1701 Cum
1088 1667 1240 1708 magistro
1265 1666 1351 1698 subit
1377 1667 1475 1698 cellas

301 1718 458 1750 Eruditur
481 1720 513 1748 et
538 1716 700 1757 doctrinis,
984 1714 1226 1754 Monachorum,
1251 1716 1289 1745 ut
1311 1714 1471 1754 procellas

349 1766 397 1798 Ut
422 1765 535 1797 devote
559 1764 690 1803 viveret,
1032 1762 1149 1794 Mundi
1173 1762 1220 1793 sic
1245 1760 1406 1802 effugeret.

221 1823 277 1855 32.
303 1823 413 1862 Aquas
437 1830 535 1862 prece
560 1821 669 1854 dulces
694 1819 781 1859 fecit,
904 1819 963 1853 3b.
985 1818 1094 1851 Gessit
1117 1818 1223 1859 ignem
1247 1819 1334 1858 patri
1357 1827 1474 1858 parens

304 1869 387 1915 Quas
414 1870 454 1901 de
477 1868 567 1901 faece
590 1877 679 1900 mare
699 1868 788 1908 jecit,
986 1866 1052 1900 Sua
1079 1869 1169 1898 veste
1192 1874 1269 1898 vase
1294 1874 1415 1905 carens,

348 1917 466 1956 Quibus
491 1916 582 1957 plebs
607 1924 693 1947 nunc
708 1914 844 1956 fruitur3
1034 1913 1100 1946 Sed
1127 1922 1187 1945 nec
1210 1913 1309 1945 vestis
1333 1913 1482 1947 laeditur.

219 1977 277 2008 4a.
303 1974 447 2005 Tandem
470 1973 546 2006 sede
569 1973 771 2013 praesulatus
903 1971 963 2004 4h.
993 1970 1182 2003 consolatur
1208 1970 1377 2009 desolatos,

302 2021 354 2053 Ab
380 2021 524 2052 omnibus
548 2020 736 2052 sublimatus
988 2017 1103 2050 Verbis
1128 2020 1219 2050 arcet
1243 2019 1275 2048 et
1300 2017 1412 2059 elatos,

348 2068 390 2100 Se
413 2068 482 2100 Deo
506 2067 684 2108 sacrificat3
1033 2064 1185 2097 Omnibus
1210 2063 1392 2096 fructificat.

222 2128 276 2158 5a.
302 2125 412 2165 Regno
437 2125 530 2156 malis
554 2123 741 2164 perturbato
905 2121 963 2154 5b.
984 2121 1206 2154 Faramundus
1231 2121 1308 2152 sede
1332 2120 1425 2160 sedit,

301 2172 372 2204 Rex
397 2174 538 2212 necatur,
563 2180 624 2211 quo
647 2171 759 2202 necato
984 2169 1053 2201 Pax
1077 2167 1216 2209 fugatur,
1248 2176 1364 2199 nexum
1387 2167 1482 2209 cedit,

347 2219 538 2259 Lampertus
564 2217 752 2259 expellitur3
1035 2216 1135 2248 Omne
1158 2214 1250 2247 nefas
1274 2214 1406 2246 tollitur.

222 2276 277 2308 6a.
306 2274 395 2307 Cella
418 2276 503 2308 latet
521 2276 572 2308 vir
595 2274 682 2314 fidei,
905 2272 964 2307 6b.
986 2272 1121 2305 Crucem
1144 2272 1227 2311 petit
1247 2272 1338 2310 jussu
1363 2270 1477 2310 laetus,

304 2323 394 2355 Patri
417 2326 520 2363 paret,
546 2322 646 2354 servit
671 2321 710 2360 ei,
987 2319 1057 2351 Deo
1082 2319 1202 2359 psallit,
1229 2318 1319 2357 algor
1342 2320 1469 2357 spretus

351 2369 411 2408 Qui
436 2370 557 2402 creavit
580 2369 702 2408 omnia;
1034 2366 1154 2398 Fervet
1177 2365 1240 2397 Dei
1263 2364 1377 2404 gratia.
