1653 2632
721 123 983 159 -180—

233 232 288 264 ea.
316 229 340 262 Ο
356 236 445 269 quam
461 227 614 264 sanctum,
629 230 721 263 quam
736 228 828 261 prae·
914 218 973 251 9b.
994 216 1047 249 Ab
1072 214 1199 247 offensis
1223 213 1307 251 lava,
1335 209 1472 253 Christe,

605 271 734 308 clarum,

315 323 373 363 Qui
397 320 569 354 viventium
595 324 746 357 aquarum
994 307 1217 343 Praecursoris
1243 309 1275 338 et
1297 305 1459 345 baptistae

311 371 456 409 Fontem,
479 366 635 399 Christum
654 361 830 403 baptizavit
994 356 1151 390 Natalitia
1182 355 1321 386 colentes

314 418 359 451 Et
385 417 543 448 lavantem
567 413 680 444 cuncta
704 409 783 441 lavit
992 405 1037 438 Et
1062 403 1178 436 exaudi
1203 411 1259 434 nos
1285 403 1446 442 gementes

361 465 400 497 In
424 461 575 494 Jordanis
599 457 737 490 flumine.
1041 453 1078 485 In
1104 451 1165 482 hac
1189 448 1370 481 solitudine.

212 524 290 557 loa.
317 522 395 553 Post
418 520 558 550 arentem
584 518 614 546 et
638 513 809 546 australem
889 509 972 543 1012.
995 508 1040 542 Ut
1062 507 1243 546 manipulos
1268 507 1434 545 portantes

316 568 448 599 Terram
473 564 595 596 animae
622 561 759 593 dotalem
995 554 1171 588 Veniamus
1197 553 1392 585 exsultantes

361 613 500 646 Petimus
525 609 686 649 irriguam,
1044 603 1159 635 Pacem
1186 601 1227 633 ad
1252 602 1453 640 perpetuam.

284 678 370 708 Grad.
391 686 443 705 ms.
462 674 726 710 Dusseldorpinum
746 672 782 700 D.
804 669 848 698 11.
870 678 946 698 saec.
971 668 1015 697 15.

597 765 658 796 241.
697 762 741 794 De
762 770 785 793 s.
806 761 947 793 Johanne
967 760 1119 800 Baptista.

212 834 266 867 ia.
292 832 431 871 Fulgore
455 828 587 869 perenni
890 822 948 856 1b.
971 821 1117 853 Lucerna
1141 820 1304 853 zlohannes

293 886 365 911 ecce
389 877 498 909 rutilat
973 868 1053 900 coeli
1078 867 1254 907 perlustrat

295 926 361 958 dies
384 925 447 956 ista
471 922 596 954 saeculo
972 924 1039 948 rem
1064 914 1237 955 publicam,
1263 913 1456 953 splendidus

295 974 414 1005 donans
439 970 563 1011 gaudia,
975 962 1093 995 Christi
1118 961 1229 1002 gloria.

212 1028 268 1059 2a.
295 1023 465 1057 Praecellit
487 1019 687 1061 patriarchas
892 1015 950 1048 2b.
972 1014 1105 1055 Angelis
1132 1013 1304 1045 consimilis

293 1080 352 1104 nec
374 1079 438 1102 non
464 1072 495 1100 et
517 1067 700 1108 prophetas,
976 1062 1131 1102 dignitate
1155 1069 1286 1093 summa.

214 1126 270 1158 3a.
297 1124 321 1156 Ο
347 1123 419 1162 plus
444 1129 536 1161 quam
561 1118 729 1159 propheta,
893 1114 951 1148 eb.
974 1114 1109 1147 Victrici
1133 1121 1203 1144 cum
1227 1112 1336 1152 palma

296 1178 417 1211 gemma
442 1170 622 1200 sanctorum
648 1165 744 1204 clara,
976 1161 1164 1193 sublimatus
1191 1160 1332 1191 exsultas

295 1216 436 1258 paradisi
464 1214 620 1252 diadema,
974 1209 1058 1240 inter
1082 1208 1193 1239 choros
1219 1208 1414 1249 angelorum,

295 1263 404 1296 mundi
429 1262 522 1294 stella
977 1264 1108 1287 cernens
1134 1255 1232 1287 altam

296 1312 341 1344 Et
361 1311 483 1349 lampas
509 1305 707 1348 splendiflua.
974 1303 1112 1335 Deitatis
1135 1302 1246 1334 usiam.

215 1366 271 1397 4a.
297 1363 345 1395 Tu
370 1361 487 1393 saeculi
511 1359 670 1392 dominum
892 1355 953 1388 4b.
974 1354 1123 1387 Meruisti
1142 1354 1275 1394 tingere,

296 1409 445 1442 ,Iordanis
469 1408 501 1439 in
525 1405 644 1438 fluenta
977 1411 995 1434 o
1020 1402 1180 1434 Johannes
1206 1401 1357 1441 baptista.

216 1464 269 1496 5a.
297 1462 376 1494 Tam
400 1460 536 1499 benigna
896 1455 954 1489 5b.
976 1454 1050 1494 Quis
1076 1456 1256 1485 sanctorum

296 1511 360 1540 tam
386 1507 522 1548 gloriosa
976 1502 1037 1533 hac
1061 1500 1238 1540 promeruit

296 1556 480 1587 meritorum
977 1548 1142 1580 sublimari

298 1603 421 1635 obtines
446 1600 590 1641 insignia.
976 1596 1105 1628 honoris
1130 1594 1298 1635 potentia?

217 1657 271 1688 6a.
298 1654 437 1693 Fideles,
460 1653 526 1692 jam
550 1651 678 1691 psallite
895 1649 952 1683 6b.
974 1648 1107 1681 Devotis
1133 1647 1293 1688 obsequiis

298 1701 445 1733 laudibus
978 1696 1072 1728 colite

299 1750 408 1781 dantes
435 1749 521 1779 clara
544 1746 668 1787 gaudia.
975 1743 1069 1775 modo
1094 1742 1173 1774 haec
1198 1742 1351 1774 solemnia

217 1804 272 1836 7a.
294 1800 514 1834 Praecursoris
536 1798 656 1831 inclita.
897 1796 952 1829 7b.
979 1795 1038 1835 Qui
1063 1794 1220 1835 gubernas
1246 1794 1360 1827 omnia.

296 1849 366 1881 Rex
390 1856 508 1888 regum,
978 1843 1048 1876 Jam
1073 1846 1184 1874 nostra

297 1896 394 1933 Deus,
417 1895 477 1926 tibi
980 1891 1117 1922 clemens
1141 1893 1218 1922 vota

298 1951 422 1983 semper
447 1950 568 1973 summa
593 1943 745 1980 potestas,
979 1937 1030 1970 fac
1053 1938 1113 1969 tibi
1140 1936 1326 1978 dignissima

300 1990 348 2022 Sit
372 1990 483 2029 virtus,
509 1989 589 2028 laus,
615 1987 727 2027 gloria,
980 1985 1135 2019 Johaunis
1160 1994 1219 2024 per
1244 1984 1367 2017 merita.

217 2043 275 2075 Sa.
301 2042 419 2073 Amore
442 2039 590 2080 flagranti
897 2037 955 2070 eb.
979 2037 1163 2070 Concedens
1187 2037 1284 2068 beata

298 2091 423 2120 nostras
448 2089 568 2118 mentes
592 2086 724 2124 irradia,
980 2084 1072 2116 nobis
1097 2084 1237 2125 indignis
1263 2085 1389 2124 gaudia.

218 2142 274 2173 9a.
299 2140 346 2172 Ut
369 2139 427 2170 tibi
451 2139 550 2170 melos
577 2139 737 2169 cantemus
898 2136 956 2169 9b.
977 2137 1044 2176 Quo
1078 2139 1184 2167 tecum
1209 2145 1335 2176 semper
1360 2146 1528 2178 regnemus

300 2187 395 2218 laude
419 2187 582 2227 perpetua⁷
981 2184 1058 2215 laeti
1083 2192 1140 2223 per
1166 2184 1304 2218 saecula.

611 2246 664 2277 10.
690 2246 793 2276 Amen
818 2253 879 2276 vox
904 2248 994 2276 sonet
1018 2247 1138 2278 nostra.

294 2311 376 2338 Miss.
397 2319 449 2337 ms.
464 2310 493 2337 S.
508 2309 633 2337 Amandi
654 2317 729 2336 saec.
756 2306 798 2334 14.
820 2307 889 2335 Ood.
907 2309 1068 2336 Parisiens.
1085 2308 1155 2337 1101
1179 2312 1233 2337 mit
1247 2310 1317 2338 Mel.
1331 2311 1365 2338 A.
1386 2325 1424 2330 ——
1443 2312 1527 2340 Miss-

218 2358 269 2377 ms.
292 2348 321 2376 S.
342 2348 467 2375 Amandi
486 2356 561 2375 saec.
583 2347 626 2374 14.
657 2346 726 2373 Cod.
749 2345 970 2374 Valentianens.
994 2345 1045 2373 111
1069 2347 1103 2374 Β.
1124 2363 1159 2366 -
1182 2346 1232 2380 Za,
1254 2346 1272 2373 2
1293 2349 1323 2375 et
1342 2348 1416 2376 fehlt
1435 2351 1469 2377 A.
1490 2367 1529 2371 —

218 2385 269 2421 3b,
293 2385 308 2413 1
331 2393 395 2413 cum
413 2385 486 2412 fehlt
504 2385 563 2412 AB.
583 2401 616 2405 —
640 2384 691 2417 va,
714 2382 731 2411 5
753 2386 783 2411 et
800 2383 895 2418 gloria
913 2384 972 2411 AB.
