1653 2632
726 140 989 176 —171—

225 229 280 261 Ga.
308 229 398 261 Haec
424 230 501 271 (lies,
526 233 560 265 in
586 243 648 275 qua
671 236 802 269 inventa
912 238 970 273 6b.
991 238 1081 271 Haec
1107 239 1184 279 dies,
1210 240 1242 271 in
1269 249 1330 279 qua
1354 241 1456 282 gratia

357 278 545 320 Margarita,
1041 287 1192 319 Sanitatis

306 324 454 358 Lucerna
476 328 669 363 candelabro
993 334 1056 366 Per
1080 342 1188 365 sacras
1213 334 1363 374 reliquias

356 371 575 416 Superposita,
1037 380 1150 413 Multis
1174 381 1292 412 sanatis

307 419 427 452 Divina
992 428 1143 460 Miranda

307 466 432 500 Lucent
455 469 619 504 miracula.
992 475 1131 507 Praebet
1153 476 1345 515 spectacula.

226 524 283 557 7a.
309 523 470 557 Romanus
912 531 970 565 7b.
995 532 1165 564 Precamur

305 571 388 603 Inde
411 573 557 612 pontifex
582 575 654 614 pius
993 579 1088 618 Voce,
1115 579 1207 619 votis,
1232 589 1372 620 munere,

355 619 393 651 In
416 619 538 652 honore
1038 626 1220 658 Mei-camur

307 665 403 705 Regis
430 667 593 707 Eugenius
991 672 1037 705 Ut
1060 674 1162 712 petita
1187 682 1302 713 capere

306 712 423 744 Votiva
445 714 575 746 innovat
991 719 1072 759 EJus
1095 721 1275 752 interventu

354 759 520 795 Natalitia.
1039 766 1209 800 Beneficia.

223 816 283 850 8a.
309 816 374 848 Hic
395 819 542 856 petentes
568 820 738 863 accipiunt,
911 822 969 856 8b.
990 824 1055 855 Hic
1078 833 1210 856 munera
1230 826 1413 866 gratiarum,

304 862 370 894 Hie
394 868 582 903 quaerentes
607 867 783 904 inveniunt,
991 870 1155 903 Medicina
1177 872 1361 915 animarum,

352 911 497 944 Pulsanti
522 914 706 953 aperientur
1040 919 1181 950 Aeterna
1205 920 1424 959 percipientur

402 958 500 992 Ostia.
1088 964 1222 1000 Gaudia.

224 1014 280 1047 9a.
308 1014 374 1047 Ubi
398 1015 432 1047 in
456 1017 531 1048 aula
555 1026 612 1049 rex
637 1019 786 1050 aetherea
910 1020 967 1053 eb.
990 1020 1054 1053 Ubi
1074 1021 1243 1061 imperium
1267 1023 1454 1063 immortale,

305 1061 401 1094 Sidus
455 1072 571 1095 novum
618 1066 828 1106 resplendens
990 1067 1090 1100 Libro
1113 1069 1198 1101 vitae
1222 1070 1376 1110 scriptum
1394 1080 1510 1104 memo-

601 1122 696 1145 aurea
1284 1118 1373 1156 riale,

358 1157 483 1190 Corona
508 1159 622 1198 capitis
646 1160 768 1200 inclita⁷
1039 1163 1125 1195 Laus
1152 1166 1182 1194 et
1208 1164 1310 1203 gloria
1333 1164 1468 1197 infinita.

199 1211 280 1245 lOa.
307 1213 390 1253 Jam‚
417 1216 519 1257 pater,
547 1216 663 1248 exaudi
887 1217 968 1251 10b.
990 1218 1040 1250 De
1063 1219 1140 1251 sede
1165 1229 1303 1259 superna

305 1261 495 1293 Insistentes
524 1272 581 1295 nos
604 1266 678 1295 tuae
703 1264 802 1306 laudi,
990 1265 1058 1297 Nos
1083 1267 1216 1307 respice,
1251 1270 1332 1310 tege,
1359 1269 1510 1309 guberna,

307 1306 434 1340 Christo
459 1310 527 1350 regi
990 1312 1183 1345 Benedictus

351 1363 478 1395 semper
503 1357 683 1391 reconcilia.
1039 1363 1148 1392 noster
1172 1370 1240 1401 rex,
1267 1361 1300 1393 in
1326 1364 1463 1396 saecula.

271 1439 354 1466 Miss.
375 1448 428 1467 ms.
444 1440 656 1477 Hospitalense
676 1450 751 1470 saec.
774 1441 817 1471 15.
834 1442 903 1471 Ood.
920 1443 949 1471 S.
962 1444 1050 1471 Pauli
1071 1444 1107 1471 ad
1122 1443 1288 1474 Laventum
1307 1447 1413 1475 memb.
1434 1446 1461 1474 7.
1472 1463 1511 1467 —

195 1474 245 1512 7a,
270 1474 287 1504 5
307 1477 419 1505 Votiva
437 1480 522 1506 novit
542 1480 597 1506 Hs.

604 1595 670 1627 229.
711 1596 754 1627 De
775 1597 882 1628 saneto
905 1597 1100 1637 Hieronymo.

197 1682 254 1715 la.
283 1680 397 1722 Corde,
419 1691 495 1715 voce
518 1684 613 1723 pulsa
639 1685 753 1725 caelos,
887 1686 946 1719 lb.
969 1686 1091 1718 Doctor
1115 1695 1207 1718 sacer
1228 1687 1453 1728 Hieronymus,

279 1729 491 1769 Triumphale
514 1740 619 1771 pange
642 1733 753 1772 melos,
967 1734 1118 1772 Pr0.qu0
1142 1736 1208 1765 tam
1231 1734 1316 1766 laete
1341 1736 1491 1777 canimus,

326 1777 472 1809 Militans
499 1778 644 1819 ecclesia,
1014 1780 1207 1820 Triumphat
1229 1781 1263 1813 in
1287 1782 1398 1822 gloria.

195 1834 252 1867 2a.
279 1832 344 1865 Hie
367 1833 418 1865 vir
443 1834 548 1866 clarus
574 1837 606 1866 et
628 1835 773 1876 insignis,
885 1836 944 1869 2b.
968 1836 1068 1868 Trina
1092 1837 1201 1877 lingua
1225 1838 1379 1878 eruditus,

279 1879 387 1913 Natus
409 1881 528 1921 oppido
554 1881 714 1914 Stridonis
966 1883 1028 1916 Est
1050 1884 1185 1916 seientia
1208 1885 1349 1925 repletus

327 1927 377 1960 De
400 1931 494 1968 patre
518 1929 668 1973 Eusebio,
1017 1931 1094 1964 Cum
1120 1930 1280 1972 frequenti
1302 1934 1420 1967 studio.

195 1986 251 2018 3a.
278 1983 364 2017 Dum
389 1985 436 2017 sic
463 1986 543 2026 legit
568 1986 763 2028 Ciceronem,
884 1988 944 2023 3b.
967 1988 1148 2022 Cardinalis
1172 1993 1246 2029 post
1270 1989 1408 2033 effectus,

276 2032 489 2073 Philosophos
516 2036 549 2065 et
572 2034 750 2076 Platonem,
965 2036 1020 2068 Ad
1046 2036 1207 2069 Orientem
1232 2036 1395 2077 profectus

325 2080 526 2113 Emendatur
550 2081 695 2123 verbere,
1012 2084 1073 2116 Est
1098 2083 1222 2124 abjecto
1248 2094 1352 2118 onere.

191 2140 250 2171 4a.
279 2138 304 2171 Ο
328 2147 422 2178 quam
447 2138 549 2171 mirae
573 2140 752 2173 sanctitatis
883 2140 941 2174 4b.
965 2141 1174 2181 scorpionum
1198 2145 1229 2173 et
1254 2141 1395 2175 ferarum

278 2185 410 2218 Culmen
436 2186 493 2218 sed
520 2189 552 2218 et
575 2187 705 2227 pietatis
966 2188 1077 2221 Comes
1102 2187 1216 2233 factus,
1243 2191 1422 2230 puellarum

322 2234 481 2266 Ascendit
503 2234 537 2266 in
563 2243 678 2278 eremo,
1014 2236 1198 2269 Vexabatur
1222 2238 1358 2272 stimulo.

191 2292 248 2325 5a.
274 2291 464 2324 Bethlehem
489 2294 657 2332 postquam
679 2293 821 2335 secessit,
883 2292 930 2326 5b
964 2293 1031 2326 Leo
1055 2303 1168 2326 saevus
1194 2298 1226 2326 et
1249 2295 1379 2328 immitis

274 2339 377 2372 Fama
401 2340 464 2372 viri
488 2339 661 2372 innotescit
964 2341 1020 2373 Fit
1046 2342 1235 2375 domesticus
1262 2346 1294 2376 et
1317 2344 1404 2377 mitis

317 2388 399 2420 Toto
424 2387 511 2420 orbis
536 2388 669 2428 tramiti,
1013 2389 1140 2422 Virtute
1164 2391 1361 2433 Hieronymi.
