1653 2632
724 124 959 159 —39—

186 224 242 257 2a.
269 222 367 254 Panis
394 222 483 262 prius
511 221 661 262 cernitur,
872 220 931 254 2b.
953 219 1004 251 De
1027 219 1101 251 vino
1124 217 1282 257 similiter,

316 269 381 302 Sed
408 270 483 302 dum
508 271 711 301 consecratur
1002 267 1037 300 Si
1061 266 1104 298 sit,
1126 264 1339 303 benedictum,

270 317 393 357 Corpus
417 320 494 349 tunc
519 315 657 348 efficitur
953 314 1006 347 Ex
1029 316 1105 345 tunc
1130 315 1179 344 est
1201 311 1359 343 veraciter

319 364 448 405 Christi,
475 364 523 396 sic
545 366 705 405 mutatur,
1004 360 1124 394 Christi
1148 358 1275 399 sanguis
1301 358 1429 397 dictum,

268 413 431 452 Quomodo
458 410 677 444 convertitur?
958 409 1130 442 Credamus
1156 405 1372 448 communiter,

315 459 403 491 Deus
426 462 586 500 operatur.
1002 457 1121 488 Verum
1146 457 1194 486 est
1217 462 1281 485 non
1303 452 1424 485 fictum.

612 516 643 547 3.
669 514 771 546 Nobis
797 513 1032 546 celebrantibus

717 561 797 593 Tale
821 563 1052 593 sacramentum

670 608 715 641 Et
740 609 860 640 cunctis
886 607 1088 640 credentibus

718 654 795 688 Fiat
817 656 1054 694 nutrimentum,

672 703 824 736 Omnibus
848 701 1037 742 negantibus

719 749 768 782 Sit
792 750 826 781 in
852 749 1084 781 detrimentum.

261 818 345 845 Miss.
367 825 419 844 ms.
439 817 623 844 Novesiense
642 836 643 843 1
661 824 717 843 aec.
739 813 784 843 15.
806 814 875 843 Ood.
895 814 1055 841 Parisiens.
1078 810 1185 840 12063.

581 936 629 967 47.
668 935 703 966 In
727 933 927 966 Dedicatione
949 932 1108 964 ecclesiae.

211 1007 267 1040 la.
295 1005 418 1048 Gaude,
899 1003 958 1036 ib.
981 1002 1108 1036 Christo

293 1054 383 1094 virgo
408 1056 511 1085 mater
535 1053 679 1093 ecclesia,
981 1058 1062 1089 quae
1084 1048 1222 1088 nuptiali
1247 1048 1362 1087 copula

211 1112 267 1143 Za.
294 1109 431 1142 Domino
458 1109 533 1141 dote
898 1107 958 1140 2b.
980 1106 1114 1138 Decoris
1139 1105 1220 1136 stola

294 1155 471 1189 foederaris
498 1156 701 1196 sempiterna,
982 1156 1014 1185 et
1036 1152 1209 1184 immortali
1232 1152 1344 1192 gloria.

211 1216 269 1248 3a.
294 1213 386 1246 Haec
411 1216 460 1245 est
482 1213 540 1245 illa
899 1210 958 1244 3b.
980 1210 1187 1249 Voluptatum

293 1270 313 1293 a
334 1260 450 1293 finibus
979 1259 1179 1288 terrenarum

291 1311 399 1340 terrae
421 1307 552 1340 veniens
577 1307 688 1347 regina
982 1303 1158 1336 deserendo
1182 1302 1340 1334 illecebrat
1358 1325 1361 1333 .

210 1367 266 1399 4a.
293 1364 340 1398 Ut
364 1364 542 1397 Salomonis
897 1361 956 1394 4b.
979 1361 1074 1394 Vitae
1100 1360 1222 1392 monita

292 1412 392 1445 verba
416 1412 525 1444 audiat
980 1409 1034 1448 pie
1058 1407 1209 1439 sectando

291 1458 469 1500 magnifica,
980 1455 1137 1487 sublimia.

209 1519 265 1551 5a.
292 1517 445 1557 Haecque
468 1516 527 1548 illa
899 1512 957 1545 5b.
980 1511 1043 1544 Dei
1069 1512 1201 1543 dextrae

291 1573 387 1597 aureo
409 1565 563 1597 virtutum
980 1559 1139 1591 adsistens
1164 1558 1284 1598 regina,

291 1612 410 1645 amictu
436 1612 587 1644 decorata
982 1607 1071 1647 cujus
1096 1606 1135 1638 ab
1161 1606 1247 1637 intus
1272 1604 1383 1646 gloria.

208 1671 265 1704 6a.
290 1670 391 1709 Quam
415 1669 503 1702 Deus
531 1666 740 1708 alloquendo:
899 1665 956 1699 6b.
978 1664 1116 1696 Domum
1140 1663 1243 1703 patris
1268 1662 1401 1702 abnega⁷

291 1717 377 1757 audi,
402 1716 516 1756 inquit,
542 1714 619 1755 filia,
979 1712 1098 1744 mundo
1123 1710 1323 1743 abrenuntia.

210 1776 265 1808 va.
291 1774 339 1807 Ut
360 1773 498 1805 serveris
523 1774 597 1804 actu
898 1769 955 1803 7b.
978 1769 1091 1801 Placet
1116 1768 1222 1807 decor,
1248 1767 1357 1806 placet

294 1824 326 1853 et
348 1823 455 1852 mente
479 1819 631 1859 virginea.
980 1815 1166 1856 speciositas
1193 1816 1258 1845 tua.

210 1878 267 1912 8a‚
294 1878 319 1911 Ο
345 1877 546 1917 admiranda,
897 1873 956 1907 8b.
979 1873 1004 1905 O
1031 1871 1201 1912 largitatis,

293 1934 311 1958 o
335 1923 555 1965 praedicanda
981 1928 999 1952 ο
1024 1919 1154 1959 pietatis

290 1973 353 2006 Dei
378 1972 500 2013 gratia3
981 1966 1193 1999 abundantia:

209 2032 267 2065 9a.
293 2029 443 2063 Humana
468 2027 595 2061 Christo
898 2025 956 2059 9b.
978 2024 1050 2057 Jam
1074 2024 1203 2064 inquam
1227 2032 1334 2063 unum,

289 2078 323 2110 in
347 2085 495 2118 sponsam
978 2081 1043 2104 non
1068 2071 1131 2104 duo

291 2125 459 2166 copulatur
483 2123 603 2156 anima!
980 2119 1125 2154 Christus
1148 2121 1180 2150 et
1204 2118 1349 2154 ecclesia,

183 2184 266 2219 loa.
292 2183 427 2223 Semper
450 2183 622 2222 regnatura
647 2188 718 2211 cum
872 2178 955 2212 10b.
977 2177 1103 2209 Fruens
1124 2176 1327 2216 jucunditate

288 2231 360 2272 ipso
385 2231 419 2262 in
446 2229 527 2262 coeli
550 2228 654 2269 gloria
977 2223 1065 2257 felici
1086 2225 1154 2265 jam
1176 2224 1211 2256 in
1235 2224 1372 2264 saecula,

644 2286 700 2319 11.
728 2285 807 2319 Cum
831 2284 919 2316 Deus
944 2283 1006 2315 erit

726 2333 761 2365 in
785 2332 931 2365 omnibus
958 2331 1073 2365 omnia.

256 2404 345 2438 Trop.
372 2411 427 2431 ms.
449 2401 477 2430 S.
498 2400 648 2437 Ebrulphi
673 2407 747 2427 saec.
769 2396 814 2426 12.
836 2397 906 2426 Cod.
925 2398 1086 2425 Parisiens.
1109 2394 1144 2424 10
1153 2393 1209 2424 508
1228 2396 1263 2423 A.
1284 2411 1322 2416 -—·
1340 2395 1425 2423 Miss.
1444 2403 1494 2422 ms
