1653 2632
163 234 210 265 4a

166 383 222 415 5a.

168 534 221 565 6a.

168 683 223 715 7a.

170 881 226 913 Sa.

696 126 952 163 —112—

214 256 220 262 .
246 227 394 262 Praesidi
418 226 479 258 hoc
501 223 661 257 1nt1mavit

246 277 291 309 Et
314 278 349 307 ut
373 273 522 315 gravibus
546 270 670 311 rogavit

294 322 409 356 Poenis
434 321 517 352 hanc
542 317 757 354 consumeret3

248 380 341 412 Hanc
365 378 567 417 spernentem
592 371 747 405 denudari

248 427 293 460 Et
315 425 449 458 taurinis
473 421 629 462 flagellari

294 472 409 505 Nervis
435 469 577 501 membra
600 470 712 498 tenera

248 530 345 569 Virgo
371 528 446 559 hinc
469 525 697 562 incarceratur,

251 577 367 609 Carcer
392 574 500 614 claret,
525 571 675 603 visitatur

296 624 326 655 A
352 620 478 653 Christo
502 620 536 650 in
562 624 700 649 carcere.

250 679 411 712 Ardentes
436 676 477 708 ad
502 676 606 707 latera

296 726 376 765 Ejus
402 725 604 763 apponuntur

250 772 441 812 Lampades,
471 770 546 802 hinc
565 768 666 800 ubera

301 820 365 852 Sua
389 818 628 850 abscinduntur.

252 878 352 917 Quam
379 876 419 907 de
444 874 530 906 coelo
556 872 685 913 angelus

300 922 424 963 Virgini
448 920 599 961 portavit,

252 971 395 1004 Tandem
420 971 512 1009 pater
535 967 652 1006 impius

301 1018 417 1050 Natam
445 1014 625 1048 decollavit.

173 1078 227 1110 9a.
254 1076 401 1114 Desuper
427 1072 577 1105 divinitus

302 1122 389 1162 Ignis
417 1118 641 1156 descendebat,

256 1170 316 1208 Qui
339 1166 508 1208 profanum
534 1166 659 1205 penitas

303 1217 433 1249 Patrem
458 1212 672 1246 consumebat.

848 220 908 252 4b.
935 220 1012 251 Post
1036 218 1116 248 haec
1140 222 1270 254 praeses
1296 211 1466 246 advocavit

931 265 1081 297 Sanctam
1105 262 1167 294 Dei
1193 263 1225 292 et
1249 260 1348 291 suasit

979 310 1074 349 Huic,
1099 310 1137 340 ut
1160 307 1247 339 Deos
1273 306 1402 337 coleret.

850 368 908 402 5b.
930 366 1112 405 Praecepit,
1141 364 1198 396 sed
1222 362 1292 394 Deo
1318 363 1410 400 grata

929 414 993 446 Pro
1019 415 1123 444 amato
1149 413 1198 442 est
1221 411 1336 448 parata

979 461 1083 493 Ferre
1107 465 1251 498 quaeque
1275 463 1400 494 aspera.

851 518 912 551 6b.
935 517 996 557 Qui
1020 515 1166 556 benignis
1193 512 1375 545 consolatur

932 564 1059 606 Verbis,
1089 571 1149 603 per
1176 569 1269 601 quem
1296 562 1328 591 et
1353 559 1483 590 sanatur

979 613 1072 645 Haec
1095 610 1135 642 ab
1161 608 1247 641 omni
1271 607 1414 639 vulnere.

853 670 912 703 7b.
934 669 1014 709 Ejus
1041 669 1137 707 caput
1169 665 1313 697 caeditur

982 715 1112 749 Malleis
1138 713 1277 749 beatum,

934 763 1021 796 Alba
1046 762 1129 794 stola
1153 760 1272 800 tegitur

986 810 1109 850 Corpus
1136 807 1341 846 denudatum,

857 869 916 903 8b.
939 868 976 900 In
1001 870 1105 899 morte
1128 863 1313 905 specialiter

988 914 1108 954 Aliqua
1132 912 1247 950 oravit,

942 962 1001 995 Cui
1026 961 1173 995 Christus
1198 959 1332 998 largiter

989 1009 1104 1042 Omnia
1128 1006 1267 1039 donavit.

860 1067 918 1101 910.
941 1066 1124 1106 Martyrum
1148 1062 1352 1103 praeconium

989 1113 1154 1153 Virgoque
1179 1111 1306 1149 decora,

942 1161 1044 1193 Nobis
1069 1160 1104 1191 in
1128 1158 1281 1191 auxilium

991 1208 1042 1240 Sis
1066 1207 1100 1239 in
1125 1205 1237 1237 mortis
1261 1205 1350 1237 hora.

251 1282 334 1309 Mise.
354 1289 407 1308 ms.
429 1279 459 1307 S.
480 1278 621 1315 Stephani
643 1276 834 1305 DivionensiS
855 1283 930 1302 saec.
953 1272 997 1301 15.
1020 1272 1089 1300 Cod.
1109 1271 1270 1299 Parisiens.
1291 1266 1357 1296 879.

611 1368 675 1400 144.
714 1368 758 1399 De
779 1366 891 1398 sancta
910 1364 1063 1396 Barbara.

178 1446 234 1479 ia.
261 1445 286 1477 O
313 1442 392 1475 felix
415 1442 505 1481 virgo
530 1439 685 1479 Barbara,

261 1492 313 1524 Ex
335 1491 437 1529 stirpe
460 1497 567 1529 regum
595 1487 712 1527 genita,

261 1540 309 1571 Te
332 1538 466 1570 laudant
492 1535 571 1567 coeli
598 1534 733 1574 agmina.

180 1599 235 1629 2a.
262 1596 325 1627 Per
351 1594 492 1627 divinam
517 1591 716 1623 clementiam

262 1642 377 1675 Vicisti
404 1640 579 1681 potentiam

262 1691 324 1723 Tui
348 1689 450 1730 patris
476 1687 659 1726 versutiam,

180 1750 236 1782 3a.
264 1745 452 1781 Confortata
474 1745 508 1776 iu
535 1752 663 1775 carcere

261 1795 325 1827 Per
352 1793 498 1834 angelum
524 1791 563 1823 ab
590 1791 728 1829 aethere,

263 1842 352 1874 Dans
376 1841 436 1873 tibi
462 1843 581 1872 sertum
607 1839 729 1879 gloriae

181 1903 238 1934 421.
266 1900 290 1932 O
316 1899 411 1931 beata
433 1896 588 1934 Barbara,

263 1946 390 1978 Mariae
413 1944 606 1984 pedissequa

264 1994 302 2026 In
328 1992 458 2025 coelesti
483 1991 580 2027 curia,

183 2052 239 2083 5a.
265 2050 317 2082 Da
340 2049 404 2080 tuis
432 2046 582 2079 fidelibus

264 2097 303 2128 In
327 2099 360 2127 te
386 2093 616 2127 confidentibus

264 2144 355 2175 Bona
378 2141 576 2181 temporalia,

866 1587 925 1621 2b.

868 1739 928 1773 3b.

867 1891 926 1924 4b.

871 2042 928 2074 51).

865 1436 922 1469 1b.
944 1435 1037 1474 Veni,
1065 1432 1230 1465 consolare
1253 1439 1322 1471 nos,

947 1483 1022 1515 Tibi
1046 1489 1156 1513 servos
1182 1481 1340 1520 gregatos,

949 1530 1116 1570 Virginum
1140 1530 1176 1559 tu
1199 1527 1290 1567 virgo
1315 1524 1383 1558 flos.

947 1586 1007 1627 Qui
1031 1589 1064 1618 te
1088 1584 1255 1618 tormentis
1279 1582 1425 1623 plurimis

949 1634 1121 1674 Compulit,
1146 1635 1184 1664 ut
1205 1631 1302 1663 idolis

950 1682 1086 1714 Libares
1114 1678 1290 1712 sacrificiis.

950 1739 989 1771 In
1014 1738 1172 1778 passionis
1198 1740 1353 1776 tempore,

952 1786 999 1818 Te
1022 1785 1104 1818 texit
1129 1785 1274 1819 Christus
1299 1782 1395 1816 hodie

952 1834 1043 1866 Stola
1064 1833 1275 1865 innocentiae.

951 1891 1060 1923 Fortis
1086 1890 1232 1932 agonista
1257 1897 1300 1929 es,

950 1940 1094 1971 Aeterna
1118 1938 1211 1970 nobis
1235 1945 1314 1969 vera
1338 1942 1423 1976 spes,

950 1986 1127 2017 Nobiscum
1151 1986 1184 2017 in
1211 1992 1313 2025 agone
1337 1985 1413 2015 stes,

950 2041 1003 2074 Da
1026 2042 1060 2073 in
1085 2042 1172 2074 vitae
1195 2049 1332 2081 vespera

952 2091 1096 2121 Aeterna
1119 2089 1212 2121 nobis
1238 2088 1365 2129 gaudia,

953 2135 1031 2168 Cum
1048 2136 1175 2169 Christo
1194 2145 1332 2176 regnans
1344 2134 1501 2168 Barbara.

259 2208 342 2235 Miss.
363 2215 416 2234 ms.
438 2206 467 2234 S.
488 2205 620 2233 Floriani
640 2202 684 2229 XI
704 2200 759 2229 395
776 2208 852 2228 saec.
875 2198 919 2227 14.
940 2200 976 2227 A.
995 2215 1035 2220 —
1054 2201 1139 2229 Miss.
1159 2210 1214 2229 ms.
1231 2200 1407 2228 Mellieense
1428 2197 1503 2227 1104

184 2254 259 2274 saec.
288 2244 333 2273 15.
359 2245 394 2272 Β.
422 2259 457 2263 -
477 2243 561 2270 Miss.
586 2249 639 2268 ms.
665 2240 836 2267 Hilariense
859 2238 902 2265 LI
930 2246 1005 2266 saec.
1033 2237 1077 2266 15.
1105 2239 1136 2267 O.
1161 2255 1201 2259 --
1225 2239 1310 2266 Miss.
1333 2247 1385 2265 ms.
1409 2237 1502 2272 Capit.

184 2283 387 2312 Olomucensis
408 2279 444 2309 73
465 2289 540 2308 saec.
564 2278 606 2306 15.
629 2278 664 2305 D.
678 2292 717 2297 —
728 2277 811 2303 Miss.
828 2274 1168 2313 Claustroneoburgense
1184 2275 1239 2305 605
1259 2283 1338 2303 saec.
1354 2274 1399 2303 15.
1414 2276 1450 2302 E.
1466 2289 1505 2294 —

183 2322 267 2349 Miss.
294 2328 347 2347 ms.
368 2318 570 2346 Zwethalensc
597 2313 651 2343 198
678 2323 753 2342 saec.
781 2312 825 2341 14.
851 2313 883 2340 F.
908 2328 948 2332 -—
970 2312 1054 2341 Miss.
1080 2323 1133 2341 ms.
1158 2314 1345 2342 Voraviense
1366 2310 1403 2341 35
1424 2322 1502 2341 saec.

186 2357 230 2388 14.
252 2358 286 2387 Gr.
308 2372 344 2376 —-
363 2357 447 2383 Miss.
473 2364 526 2382 ms.
548 2354 715 2389 Superioris
735 2352 821 2379 Altae
848 2359 923 2378 saec.
950 2350 994 2379 15.
1021 2351 1093 2379 Cim.
1114 2353 1286 2379 Monacens.
1309 2348 1386 2377 9744
1406 2351 1445 2378 H.
1466 2367 1505 2371 —

184 2398 268 2425 Miss.
288 2403 341 2423 ms.
363 2394 651 2421 Sanemmeramense
673 2398 748 2417 saec.
771 2387 815 2417 15.
841 2388 914 2415 Clm.
937 2389 1106 2417 Monacens.
1128 2388 1227 2417 14450
1247 2389 1272 2415 I.
