1653 2632
659 133 917 169 —179—

152 223 211 256 8a.
239 222 371 256 Transit
398 229 501 259 morte
524 228 666 268 pretiosa
842 231 902 265 8b.
925 233 1022 265 Parte
1047 233 1096 264 sui
1121 234 1252 266 meliore

238 270 387 304 Candens
411 273 514 306 lilium
538 278 570 307 et
594 285 668 309 rosa
922 280 1019 320 Viget
1042 289 1178 321 regnans
1203 281 1236 313 in
1264 282 1379 314 decore

285 319 417 353 Rubens
442 322 493 354 vir
514 324 686 365 angelicus,
972 328 1070 360 Vates
1096 329 1305 369 evangelicus.

154 375 212 407 9a.
238 375 369 408 Laudes
395 386 469 418 ergo
496 379 654 413 dominico
842 382 900 415 9b.
926 383 1035 424 Canat,
1061 387 1097 415 ut
1119 384 1200 416 vitet
1225 386 1317 418 devia

237 422 405 463 Baptistae
431 426 518 458 dulci
541 428 663 460 cantico
922 430 1020 462 Ducis
1046 440 1179 472 sequens
1205 433 1340 473 vestigia

285 471 357 503 Vox
382 481 514 505 amoena
969 478 1062 510 Mens
1087 487 1209 514 serena.

131 525 213 560 loa.
239 527 285 559 Et
310 530 356 568 tu,
384 529 472 562 clara
491 531 556 571 lux,
585 531 649 563 dux
666 531 757 573 bone,
819 533 902 566 10b.
924 534 970 566 Te
996 535 1145 575 colentes,
1171 538 1203 567 te
1228 539 1394 576 sequentes

238 574 413 617 Johannes,
441 577 542 609 dulcis
568 581 712 619 patrone,
922 581 1010 621 Duc,
1048 583 1189 626 conduc,
1222 584 1342 623 perduc
1366 593 1441 624 gau-

286 669 367 710 Spes
392 671 516 710 piarum
542 673 704 713 mentium,
969 676 1008 708 In
1032 678 1151 708 terram
1175 630 1356 710 viffieffiiitelsm.

205 752 296 780 Grad.
311 762 363 781 ms.
380 754 647 792 Dusseldorpinum
660 757 698 785 D.
716 755 759 785 11.
774 766 849 786 saec.
868 757 911 786 15.
928 774 965 778 -—
978 760 1062 787 MeL:
1084 760 1120 787 In
1134 761 1254 789 coelesti
1268 761 1440 790 hierarchia.

518 885 587 916 240.
628 886 670 917 De
691 895 715 918 s.
734 887 874 920 «Iohanne
895 889 1048 930 Baptista.

128 980 185 1014 la.
211 980 380 1013 Elisabeth
404 982 579 1015 Zachariae
817 986 874 1019 lb.
896 987 966 1026 Qui,
992 987 1144 1019 virtutum
1168 997 1224 1019 vas
1250 989 1417 1030 sincerum,

210 1027 364 1068 Magnum
389 1029 492 1060 virum
516 1030 550 1061 in
576 1031 636 1062 hac
662 1031 715 1063 die
897 1034 986 1066 Inter
1011 1037 1102 1066 natos
1127 1035 1295 1067 mulierum

261 1074 409 1107 Gloriosa
433 1077 552 1116 genuit,
943 1081 1161 1121 Principatum
1186 1083 1297 1115 tenuit.

128 1133 185 1165 2a.
212 1131 363 1163 Nondum
388 1135 481 1164 natus
506 1134 605 1165 sensit
630 1143 737 1175 regem
815 1136 873 1169 2b.
896 1136 1000 1168 Deum
1024 1138 1124 1169 sensit
1146 1138 1179 1169 in
1204 1138 1266 1170 hac
1289 1139 1359 1171 luce

211 1178 417 1211 Nasciturum
438 1180 531 1219 juxta
555 1181 657 1222 legem
897 1184 1071 1224 Tamquam
1094 1186 1237 1217 nucleum
1264 1186 1298 1217 in
1322 1196 1402 1219 nuce

260 1226 338 1258 Sine
361 1227 424 1258 viri
449 1228 578 1268 semine,
947 1230 1115 1263 Conditum
1136 1233 1169 1264 in
1194 1233 1327 1273 virgine.

127 1283 184 1316 3a.
211 1283 311 1323 Quam
336 1283 448 1315 beatus
471 1293 552 1324 puer
576 1287 668 1317 natus
814 1286 873 1320 3b.
895 1286 1061 1319 Incarnati
1084 1288 1177 1320 nobis
1204 1289 1271 1321 dati

261 1331 436 1363 Salvatoris
462 1332 602 1373 angelus,
942 1335 1043 1367 Verbi
1065 1344 1127 1367 vox
1153 1339 1186 1367 et
1209 1336 1346 1376 bajulus

125 1387 182 1420 4a.
210 1386 284 1418 Non
308 1388 475 1427 praecedit
491 1387 614 1420 fructus
632 1387 753 1430 florem,
813 1390 872 1424 4b.
895 1391 987 1423 Viam
1017 1394 1113 1432 parat
1138 1395 1169 1423 et
1193 1393 1342 1433 ostendit,

211 1434 275 1467 Sed
293 1433 351 1467 fios
363 1433 512 1475 fructum,
528 1436 622 1475 juxta
633 1445 754 1468 morem
894 1438 960 1471 Ubi
982 1439 1096 1479 pedem
1121 1448 1185 1471 non
1211 1440 1353 1481 offendit,

213 1482 293 1522 Agri
317 1481 406 1521 pleni
433 1483 511 1514 dans
536 1482 667 1515 adorem
895 1486 956 1525 Qui
980 1495 1038 1526 per
1062 1485 1159 1518 fidem
1189 1488 1429 1527 comprehendit

254 1529 418 1561 Mentibus
442 1529 603 1571 fidelium3
942 1533 1060 1565 Verum
1083 1534 1145 1566 Dei
1169 1533 1279 1568 filium.

128 1585 182 1618 5a.
208 1585 296 1627 Lege
320 1586 405 1618 vitae
429 1586 487 1618 sub
514 1590 647 1628 angusta
813 1590 871 1623 5b.
896 1590 1091 1623 Camelorum
1119 1594 1221 1623 tectus
1246 1592 1321 1631 pilis

205 1633 275 1665 Mel
300 1633 447 1665 silvestre
473 1643 543 1665 cum
567 1635 691 1668 locusta
894 1638 932 1669 In
959 1638 1086 1670 deserto
1113 1648 1206 1678 quam
1231 1640 1328 1671 exilis,

254 1680 366 1714 Cibum
391 1690 454 1712 non
480 1681 656 1725 abhorruit,
943 1685 1042 1725 Quam
1063 1685 1165 1717 bonus
1191 1687 1350 1726 apparuit.

126 1739 183 1770 6a.
209 1736 319 1769 Verba
343 1740 417 1768 sunt
442 1739 671 1778 evangelistae:
813 1741 873 1775 6b.
893 1741 965 1773 Lux
989 1750 1052 1773 non
1077 1745 1146 1774 erat
1169 1743 1226 1775 sed
1251 1743 1382 1776 lucerna

206 1783 279 1815 Lux
303 1793 367 1815 non
393 1788 471 1824 erat,
498 1786 610 1826 inquit,
636 1787 699 1818 iste
894 1788 1080 1820 Monstrans
1104 1789 1167 1821 iter
1192 1790 1234 1822 ad
1259 1800 1406 1831 superna,

208 1831 273 1864 Sed
297 1834 333 1862 ut
360 1831 452 1863 daret
473 1832 543 1874 tibi,
572 1832 708 1875 Christe,
894 1835 1014 1874 Quibus
1039 1845 1130 1867 suum
1153 1846 1218 1876 pax
1243 1840 1373 1871 aeterna

255 1878 352 1910 Lucis
377 1879 609 1920 testimonium3
942 1883 1119 1915 Pollioetur
1144 1885 1303 1924 gaudium.

126 1936 182 1969 7a.
211 1935 468 1976 Contemplemur
493 1945 600 1969 omnes
623 1938 729 1981 istum,
814 1939 871 1972 7b.
892 1939 953 1979 Qui
978 1941 1133 1973 cervicem
1157 1950 1221 1973 non
1248 1943 1349 1975 erexit

208 1983 307 2022 Quem
319 1984 472 2024 sperabat
485 1984 581 2017 turba
594 1986 755 2018 Christum
895 1986 965 2018 Neo
988 1996 1023 2019 se
1049 1988 1177 2028 dignum
1200 1989 1360 2023 intellexit

256 2030 395 2071 Stupens
421 2032 462 2064 ad
487 2033 646 2073 prodigia,
941 2034 1071 2067 Domini
1099 2037 1244 2077 corrigia.

122 2090 182 2123 8a.
207 2088 238 2120 A
264 2097 321 2120 suo
346 2091 491 2128 tempore
812 2091 871 2125 8b.
895 2092 993 2131 Quem
1018 2096 1107 2125 vates
1135 2094 1232 2125 ceteri

205 2136 324 2168 Divino
349 2145 481 2170 munere
895 2139 959 2171 Sub
985 2140 1056 2181 lege
1079 2141 1180 2172 veteri

254 2184 385 2217 Coelum
409 2184 474 2216 vim
497 2184 621 2225 patitur
801 2209 807 2215 .
944 2188 1070 2221 Ganunt
1090 2189 1124 2220 in
1148 2190 1301 2231 tenebris,

200 2232 247 2264 Et
270 2232 443 2265 violentiae
893 2235 932 2268 In
958 2244 1054 2268 earne
1076 2236 1257 2278 Dominum,

204 2279 283 2312 Cum
308 2280 525 2320 poenitentiae
894 2282 1023 2323 Figuris
1046 2284 1225 2327 terminum,

251 2327 374 2360 Fruetu
399 2328 585 2361 conceditur
941 2332 1105 2372 Propheta
1129 2333 1265 2367 celebris

298 2375 420 2420 Gratis,
447 2385 511 2409 non
536 2376 660 2411 merito.
989 2380 1136 2413 Ostendit
1163 2382 1272 2423 digito.

1203 2437 1264 2468 12*
