1653 2632
191 211 245 242 3a.

188 408 245 440 4a.

187 605 243 637 5a.

186 756 241 789 6a.

719 116 978 151 —164—

272 208 422 241 Furentis
447 209 557 242 invida

272 256 356 296 regis
378 256 437 295 ira,

273 301 401 335 fervens
423 304 458 335 in
483 312 560 344 quos

272 350 436 390 conspexit
460 351 549 391 sequi
573 351 712 390 numina,

271 406 378 446 Digna
400 407 540 446 tempsit,

269 462 370 493 prava
395 454 525 493 cupivit,

269 499 335 532 fide
360 509 470 532 carens
496 500 615 532 crimen

267 547 399 579 multum
424 547 558 587 peregit,

270 604 442 642 Postquam
464 603 553 635 mille

271 650 381 690 poenis
405 651 565 682 hominum

267 697 390 729 maduit
414 698 593 730 damnando
618 697 721 730 Deum

268 753 419 786 Decursis
444 754 531 786 vitiis
555 754 674 786 talibus

268 802 411 835 Christus
436 800 499 833 fert
525 810 618 842 opem
640 802 717 844 suis,

873 407 935 440 4b.

873 604 932 639 5b.

877 211 934 243 3b.
957 211 1068 243 Fateri
1094 210 1267 250 prohibens

958 266 1072 289 nornen
1097 259 1220 297 summi,

960 304 1162 335 credulorum

957 351 1125 390 praecepit
1147 350 1247 382 vitam
1273 352 1433 391 persequi.

956 406 1054 439 Lenis
1078 405 1172 447 flexo,

957 453 1062 495 gravis
1087 453 1217 494 invicto,

955 500 1114 533 meditans
1141 501 1243 533 deleri

955 547 1051 580 fidem
1076 549 1212 580 saeculo.

954 604 1105 637 Saeviens
1131 606 1206 645 quin

955 655 987 684 et
1008 652 1133 692 gladius
1158 653 1244 684 alma

954 700 1111 732 resecavit
1135 700 1257 732 vitalia.

873 756 931 790 6b.
952 756 1071 788 Latere
1095 757 1245 797 martyris
1271 757 1406 797 gloriam

954 803 1027 835 Non
1054 804 1163 836 volens
1187 807 1254 836 tam
1276 805 1424 837 nitidam.

620 860 650 891 7.
679 858 845 892 Carnificis
870 861 1031 892 vesaniam

675 907 806 946 patitur,
832 907 954 939 ultione

676 954 822 987 miranda
848 955 993 995 gessione

677 1004 834 1041 comptam
859 1003 989 1036 honore.

259 1065 332 1092 Chn.
359 1066 547 1093 Monacensis
571 1065 620 1101 (ol.
648 1063 676 1094 S.
702 1066 894 1102 Emmerami)
920 1065 957 1094 14
967 1065 1031 1095 729.
1059 1076 1134 1095 saec.
1163 1067 1207 1095 11.
1227 1083 1265 1087 --
1286 1068 1419 1105 Sequenz
1445 1071 1500 1097 mit

184 1102 418 1139 durellgfingiger
437 1104 658 1132 Endassonanz.

181 1285 237 1318 la.

179 1437 235 1468 2a.

178 1589 233 1621 3a.

174 1741 232 1773 4a.

177 1894 232 1925 δα.

173 2094 229 2126 6a.

618 1216 679 1248 219.
719 1216 763 1247 De
786 1216 893 1248 sancto
915 1215 1056 1257 Georgio.

263 1283 452 1317 Recolamus

265 1330 394 1372 Georgii
417 1334 519 1364 sancti
545 1332 671 1374 festum,

310 1379 462 1420 Alleluja‚

262 1436 419 1468 Asserens
444 1446 540 1469 unum
564 1438 667 1470 Deum

260 1483 298 1515 In
324 1484 410 1515 coelo
437 1488 468 1516 et
492 1485 526 1516 in
550 1487 638 1518 terra

308 1531 395 1563 Voce
420 1532 515 1575 clara,

259 1587 350 1619 Sicut
372 1597 483 1620 aurum
508 1589 542 1621 in
566 1588 694 1621 flamma

258 1635 387 1675 Martyr
410 1636 495 1668 inter
519 1639 678 1669 tormenta

306 1683 362 1715 Fit
388 1683 533 1724 diversa3

258 1740 431 1772 Exsultant.
463 1749 570 1773 omnes
596 1743 708 1782 sancti,

258 1788 384 1827 Angeli,
412 1788 595 1829 archangeli

305 1835 367 1867 Die
391 1836 471 1876 ista3

259 1892 450 1925 Persen-utor
476 1894 584 1936 ejulat,

257 1938 412 1981 Georgius
437 1941 622 1981 triumphat,

255 1987 341 2019 Deos
365 1997 438 2020 suos
464 1990 601 2020 conterit

303 2035 348 2067 Et
371 2035 470 2069 idola.

258 2091 354 2131 Cujus
379 2101 476 2132 prece
500 2095 611 2125 sancta

256 2139 348 2171 Omni
375 2140 468 2179 culpa
491 2143 578 2172 tersa

302 2186 385 2218 Illuc
409 2187 576 2218 tendamus

348 2234 416 2265 sine
441 2243 541 2267 mora.

245 2303 329 2330 Miss.
350 2312 403 2330 ms.
426 2303 655 2338 Aquicinctense
674 2310 750 2329 saec.
769 2298 812 2327 12.
836 2300 905 2328 Ood.
925 2301 1071 2329 Duacens.
1092 2297 1139 2329 90.
1161 2301 1193 2328 Α.
1216 2315 1250 2319 -
1276 2301 1359 2329 Miss.
1380 2311 1435 2330 ms.
1456 2304 1487 2332 S.

169 2340 297 2368 Amandi
318 2348 393 2368 saec.
416 2339 460 2368 14.
483 2341 552 2368 Cod.
573 2341 732 2368 Parisiens.
754 2337 836 2366 1101.
853 2339 886 2366 Β.
906 2353 945 2357 -
963 2339 1047 2367 Miss.
1070 2348 1121 2366 ms.
1144 2339 1173 2366 S.
1193 2339 1319 2366 Ama-ndi
1340 2348 1417 2368 saec.
1441 2341 1487 2370 14.

865 1438 924 1470 2b.

865 1589 923 1622 ab.

864 1741 925 1776 4b.

869 1286 926 1320 ib.
949 1287 1009 1326 Qui
1033 1287 1130 1319 hodie

945 1334 1163 1374 Exsuperavit
1186 1337 1357 1375 tyrannum

994 1381 1078 1413 Fide
1102 1380 1204 1422 firma,

947 1437 1006 1476 Qui
1030 1438 1168 1470 athletas
1195 1448 1351 1471 coronans

948 1485 1027 1517 Suos
1054 1486 1097 1518 ad
1121 1494 1156 1517 se
1180 1487 1317 1526 suscipit

993 1533 1032 1565 In
1057 1534 1168 1573 gloria.

945 1589 1016 1621 Nec
1040 1599 1152 1621 aurum
1177 1590 1336 1631 incendia,

945 1636 1015 1669 Nec
1038 1641 1213 1678 martyrem
1238 1642 1396 1671 tormenta

993 1685 1134 1718 Vincunt,
1158 1694 1264 1720 saeva.

947 1741 1044 1774 Miles
1067 1744 1283 1782 persecutoris

946 1789 1090 1821 Devictis
1115 1791 1282 1831 suppliciis

995 1838 1130 1870 Scandit
1150 1841 1247 1870 astra.

914 1916 922 1923 .
946 1893 1112 1926 coelorum
1142 1895 1319 1934 agminibus

945 1941 1090 1973 Sociatus
1117 1942 1261 1974 dulcibus

943 1988 1132 2020 Delectatur
1154 1989 1299 2020 cantibus

989 2036 1053 2068 Per
1077 2036 1212 2068 saecula.

860 2091 918 2124 6b,
937 2091 974 2123 ln
999 2092 1057 2124 illa
1080 2092 1187 2132 patria

942 2139 1063 2178 Perpes
1088 2139 1220 2178 laetitia,

987 2185 1099 2218 Dulcis
1124 2185 1272 2222 melodia,

1034 2233 1185 2272 Alleluja.

172 2378 241 2406 Cod.
262 2379 483 2406 Valentianens.
507 2377 570 2406 111.
593 2376 623 2406 C.
644 2392 680 2396 —
700 2377 769 2404 Mel.
787 2387 825 2397 =
844 2376 1062 2404 Laetabuntlus.
