1653 2632
189 240 244 271 2a.

193 391 248 423 3a.

195 540 252 572 4a.

198 690 254 722 5a.

198 840 254 871 6a.

201 989 255 1022 ¹7a.

206 1373 262 1407 la.

209 1525 266 1556 2a.

214 1675 270 1707 3a.

213 1825 270 1857 4a.

218 1976 273 2008 5a.

223 2124 277 2156 Ga.

225 2275 279 2306 73..

716 128 977 164 —178—

270 237 350 278 Ave,
376 236 469 275 pater
491 231 638 272 gloriose,
871 223 930 256 2b.
955 221 1042 254 Coeli
1067 218 1206 259 gaudent
1230 220 1287 248 tua
1310 214 1412 254 prole,

271 284 403 323 Semper
426 281 535 312 vivens
558 278 698 309 virtuose
952 267 1058 307 Magis
1088 264 1224 305 pulchra
1247 262 1315 302 poli
1338 261 1405 292 sole

318 330 410 363 Dono
436 334 575 359 summae
601 322 738 361 deitatis,
1002 314 1071 353 Ope
1096 313 1226 343 sanctae
1249 307 1427 340 Trinitatis,

274 387 338 420 Hic
361 387 419 425 est,
447 384 486 415 de
509 382 596 421 cujus
622 378 763 419 germine
874 372 931 407 3b.
952 368 1144 404 Hierarchia
1168 367 1252 398 hunc
1277 362 1422 396 coelestis

272 434 375 466 Natus
403 433 452 463 est
474 430 543 461 sine
566 427 686 459 semine
955 417 1083 451 Laudet
1106 422 1232 453 semper
1255 415 1286 443 et
1311 408 1457 442 terrestis

323 481 394 512 Rex
418 486 527 517 regum
552 474 651 507 omnis
677 471 807 512 gloriae.
1002 465 1142 503 Propter
1167 467 1306 493 amorem
1329 456 1427 490 filiae.

277 537 391 575 Maria,
422 543 492 565 cum
517 533 625 564 sancto
650 531 743 569 patre
874 522 933 557 4b.
955 521 1001 555 Ut
1025 520 1112 553 vitiis
1136 515 1310 558 expurgati

277 584 322 616 Et
345 583 441 614 Anna
466 580 583 612 dilecta
607 579 708 608 matre
958 566 1203 606 virtutibusque
1231 562 1336 595 ornati

323 629 425 661 Nobis
450 627 587 666 implora
611 623 747 661 veniam,
1005 615 1083 648 Puri
1108 612 1298 645 scandamus
1323 608 1476 649 patriani.

281 686 386 724 Salve,
413 691 541 716 consors
566 680 750 721 angelorum
879 673 936 708 5b.
959 672 1073 705 Gaude
1097 669 1250 710 splendor
1276 667 1461 704 electorum,

278 733 465 771 Civiumque
488 735 698 769 supernorum
960 719 1063 752 Nobis
1090 720 1156 749 esto
1182 724 1295 748 norma
1317 721 1441 745 morum

325 780 371 812 Ut
398 778 491 810 stella
517 777 603 807 clara
626 773 773 812 rutilans,
1007 766 1077 798 Deo
1102 773 1160 796 nos
1184 761 1404 795 reconcilians,

280 837 371 874 Vale,
398 837 490 874 pater
515 831 650 872 egregie,
881 825 940 859 6b.
963 822 1136 856 Praeclara
1159 820 1223 853 Dei
1247 818 1330 851 facie

280 884 412 917 Placato
435 889 510 921 rege
533 879 653 919 gloriae
963 870 1016 903 Da
1039 867 1164 909 perfrui
1187 867 1221 898 in
1246 865 1356 905 requie

327 931 366 962 1n
390 929 451 961 hac
475 927 560 960 valle
582 925 730 957 miseriae
1014 916 1202 949 Sanctorum
1227 920 1368 945 summae
1394 910 1510 949 curiae.

283 988 307 1020 O
333 988 427 1026 pater
451 984 580 1024 reginae
606 980 695 1021 caeli,
885 978 903 1009 7
911 976 944 1008 b.
966 975 1011 1008 Ut
1035 974 1143 1005 hostes
1167 973 1294 1003 nostros
1315 969 1479 1001 vincamus

285 1034 352 1066 Nos
377 1032 436 1064 tibi
460 1033 566 1063 mente
588 1028 679 1061 fideli
967 1022 1167 1060 Erroresque
1191 1016 1358 1058 fugiamus,

331 1080 459 1112 Laudes
483 1077 647 1109 reddimus
674 1074 811 1112 debitas,
1017 1068 1068 1100 Sit
1091 1067 1125 1098 in
1150 1065 1294 1098 omnibus
1319 1063 1436 1096 unitas

281 1164 368 1193 Grad.
389 1172 442 1190 ms.
463 1161 670 1189 Strahoviense
690 1159 721 1186 H
741 1155 759 1184 O
781 1154 796 1184 1
818 1163 893 1183 saec.
915 1152 958 1182 16.
999 1152 1082 1180 Ohne
1100 1149 1238 1178 Melodie.

589 1287 657 1319 239.
698 1287 740 1317 De
760 1294 783 1316 s.
804 1284 946 1316 Johanne
968 1282 1123 1322 Baptista.

289 1371 465 1405 Jubilemus
490 1369 523 1400 in
547 1368 608 1399 hac
634 1367 694 1405 die,
890 1363 948 1396 lb.
970 1363 1039 1402 Qua
1062 1369 1125 1392 vox
1149 1359 1241 1391 verbi
1266 1358 1472 1398 syncopatur,

291 1418 359 1457 Qua
382 1416 549 1456 Baptistae
575 1414 694 1447 Christi
716 1413 770 1453 pie
971 1408 1089 1441 Mundi
1120 1406 1273 1447 splendor
1298 1403 1517 1441 obumbratur,

338 1464 459 1497 Colitur
483 1462 644 1502 memoria,
1018 1456 1128 1488 Morte
1151 1452 1345 1486 transitoria.

292 1522 351 1561 Qui
378 1521 418 1552 de
444 1520 530 1551 coelo
554 1517 727 1557 nuntiatur,
892 1514 951 1547 ab.
972 1513 1039 1544 Vix
1064 1511 1219 1544 formatus
1246 1508 1427 1548 exsultavit,

293 1568 482 1600 Nascitums
506 1566 780 1606 praemonstratur
975 1561 995 1594 J
998 1569 1053 1591 esu
1078 1557 1328 1598 contripudiavit

343 1614 492 1647 Gabriele
515 1612 636 1651 nuntio,
1023 1607 1156 1639 Clausus
1179 1605 1285 1637 adhuc
1309 1607 1412 1636 utero.

296 1672 374 1704 Mox
399 1681 433 1702 m
455 1671 558 1702 lucem
583 1669 716 1709 genitus,
894 1665 952 1699 3b.
976 1664 1074 1703 Quem
1100 1664 1254 1695 virtutum
1279 1659 1389 1693 fasciis

298 1719 445 1751 Clausam
467 1717 554 1757 patri
580 1715 707 1756 penitus
975 1711 1047 1744 Jam
1072 1711 1262 1751 perplennm
1287 1708 1398 1749 gratiis

340 1766 496 1806 Linguam
521 1763 687 1801 reseravit,
1023 1758 1131 1791 Maria
1153 1757 1277 1798 ligavit.

296 1823 360 1856 Hic
382 1825 431 1854 est
452 1830 545 1853 verus
572 1820 713 1859 eremita,
895 1817 954 1850 4b.
976 1816 1085 1857 Virgo,
1112 1818 1235 1854 martyr
1261 1818 1294 1846 et,
1317 1812 1479 1853 propheta

298 1870 386 1909 Cibo,
413 1872 499 1909 potu,
525 1871 624 1907 veste,
650 1867 728 1909 vita,
978 1863 1110 1896 Transit
1134 1870 1242 1894 omnes
1268 1862 1337 1893 sine
1362 1863 1448 1892 meta

343 1917 534 1949 Meritorum
558 1914 679 1954 titulis;
1026 1910 1246 1943 Praemiorum
1272 1908 1416 1942 cumulis

299 1974 387 2006 Audi
410 1973 543 2005 verbum
569 1971 688 2003 Christi
713 1978 839 2002 verum:
900 1968 958 2002 5b.
981 1968 1071 2011 Ortu,
1098 1968 1175 2009 vita,
1202 1966 1312 2004 verbo,
1338 1967 1451 2004 morte,

299 2022 388 2053 Inter
409 2022 500 2051 natos
524 2019 691 2050 mulierum
984 2015 1168 2048 Gratiarum
1195 2014 1306 2054 dispar
1330 2015 1418 2045 sorte

347 2068 462 2100 Nullus
486 2066 588 2105 maJ'or
614 2063 747 2103 exstitit,
1031 2062 1178 2094 Sanctior
1207 2060 1355 2093 effloruit.

304 2124 408 2163 Felix,
433 2131 493 2162 per
517 2130 610 2161 quem
633 2120 747 2161 gratia,
903 2119 960 2152 6b.
984 2119 1089 2151 Lavat
1110 2119 1153 2151 ad
1177 2118 1378 2159 munditiam,

309 2171 415 2202 Virtus
442 2172 473 2201 et
494 2169 629 2209 justitia,
986 2166 1066 2199 Cum
1090 2166 1133 2198 ad
1156 2165 1390 2205 poenitentiam

350 2217 474 2249 Mundo
498 2215 714 2256 praedicatur,
1032 2213 1174 2253 Populos
1198 2213 1357 2246 hortatur.

305 2273 356 2305 Ab
378 2273 509 2305 Herode
533 2274 607 2311 post
629 2271 777 2310 vincitur,
905 2269 963 2302 7b.
985 2269 1050 2301 Vas
1079 2271 1240 2302 sacratum
1260 2268 1463 2310 profanatur,

304 2320 414 2352 Virtus
438 2319 548 2351 mundi
573 2317 772 2357 compeditur
988 2317 1091 2356 Caput
1116 2319 1261 2348 sanctum
1286 2319 1472 2355 amputatur

353 2367 470 2398 Taetro
496 2366 604 2397 clausa
629 2372 766 2406 carcere,
1035 2363 1149 2394 Trucis
1174 2362 1255 2395 ferri
1277 2362 1423 2396 verbere.
