1653 2632
708 145 969 181 —187—

204 233 262 265 73,-
289 234 387 267 Virus
411 236 559 269 haustum
581 242 613 271 et
637 240 795 282 signatum
894 244 951 278 7b.
974 245 1040 285 Quo
1067 246 1215 279 exstincti
1240 251 1374 288 surgunt
1399 249 1467 282 bini

337 282 429 315 Nihil
454 285 564 317 turbat
587 287 722 329 viscera,
1022 293 1208 326 Medicante
1229 295 1348 329 tunica.

207 339 263 372 Sa.
288 338 437 373 Frondes
462 340 550 375 fulvo
575 344 692 376 ludunt
716 355 793 379 auro
893 347 951 383 8b.
972 348 1051 381 Mox
1062 349 1239 383 confectum
1248 361 1494 394 sacrumcorpus

338 387 502 420 Flavescit
532 393 564 422 et
587 392 705 433 glarea,
1021 397 1138 430 Aetate
1164 399 1337 439 decrepita,

288 435 411 467 Rident
434 445 512 469 saxa
534 437 687 471 investita

337 482 492 515 Claritate
518 486 680 525 gemmica.

972 443 1069 476 Videt
1094 445 1254 478 Christum
1274 447 1469 487 suspiratum

1024 493 1199 525 Vocantem
1224 494 1266 526 ad
1289 495 1422 535 gaudia:

205 538 262 572 9a.
311 539 490 581 Midilecte,
516 544 641 582 tempus
668 552 751 585 ecce,
892 546 950 580 9b.
971 548 1123 589 Epulare,
1153 559 1171 582 o
1195 551 1239 582 mi
1264 559 1347 592 care,

333 588 416 619 Veni
441 589 483 620 ad
510 590 664 632 convivia,

1020 596 1058 627 In
1085 597 1214 629 coelesti
1239 598 1336 632 curia.

181 641 261 676 lOa.
288 643 350 677 Ille
375 644 489 685 libens,
514 646 571 677 ille
594 647 704 679 vivens
867 649 947 683 101).
971 652 996 684 Ο
1020 653 1193 694 symmista,
1220 664 1238 687 0
1265 655 1398 687 conviva

333 691 376 723 Se
399 692 485 723 locat
508 693 541 723 in
567 691 669 734 fovea,

1017 699 1160 732 Viventis
1185 702 1219 733 iu
1243 703 1378 741 saecula,

284 738 329 771 Et
352 747 416 770 non
440 748 540 779 mora,
565 740 637 780 ipsa
661 741 741 774 hora
969 746 1032 778 Pro
1060 748 1182 780 devotis
1208 758 1263 781 ora
1287 750 1397 790 servis,

334 784 468 818 Carnem
492 787 559 818 exit
582 788 697 823 anima.
1017 793 1063 826 Ut
1086 795 1220 827 donetur
1245 797 1346 829 venia.

250 841 335 868 Miss.
362 850 416 869 ms.
446 841 676 879 Compendiense

703 852 779 872 saec.
808 843 851 873 14.
874 846 943 874 Cod.
969 848 1129 879 Parisiens.
1157 849 1191 878 17
1202 849 1267 879 317.
1292 852 1327 879 A.
1347 867 1385 871 —
1403 853 1488 881 Miss.

174 886 228 906 ms.
248 878 356 907 Jacobi
378 880 414 907 de
432 881 598 909 Vindocino
619 890 694 910 saec.
716 881 761 910 16.
782 884 822 910 in.
844 884 915 912 Cod.
935 886 1093 915 Paris-iens.
1115 886 1179 916 906.
1200 889 1233 916 B.
1253 904 1292 909 —
1311 888 1372 921 21),
1397 890 1410 918 1
1431 891 1488 919 Est

173 918 296 944 vocatus
317 920 347 945 et
365 918 497 954 prolatus
517 919 550 946 B.
571 935 609 939 —
629 919 681 956 5b,
703 919 717 947 1
738 919 843 949 Matris
862 922 937 950 Jesu
955 924 989 951 A.

532 1001 601 1033 249.
642 1002 686 1033 De

634 1063 665 1095 1.

705 1010 729 1033 s.
750 1002 890 1035 Johanne
908 1004 1130 1046 Evangelista.

692 1063 717 1095 O
744 1071 801 1095 rex
826 1072 956 1105 summe,

173 1117 230 1150 23..
257 1117 288 1148 A
313 1126 374 1157 quo
399 1117 535 1158 bonitas,
861 1120 920 1154 2b.
942 1122 973 1152 A
999 1130 1059 1161 quo
1084 1126 1227 1163 tempora

256 1164 312 1195 lux
339 1166 372 1196 et
395 1163 533 1197 felicitas
940 1171 972 1200 et
996 1173 1110 1202 cuncta
1133 1172 1260 1204 saecula

256 1214 289 1243 et
312 1211 395 1243 bona
418 1215 548 1244 manant
573 1213 688 1254 omnia,
942 1219 1030 1248 certa
1054 1218 1184 1257 capiunt
1206 1220 1319 1259 spatia.

172 1268 228 1302 3a.
254 1267 355 1299 Adsis
380 1268 540 1309 precibus,
858 1270 917 1304 3b.
937 1272 1032 1305 Unde
1055 1274 1168 1306 merito

256 1324 334 1355 quas
359 1315 419 1347 tibi
444 1319 537 1348 sonat
938 1319 1085 1360 petimus,
1110 1321 1201 1353 nobis

253 1362 347 1401 plebs
371 1365 428 1394 tua
938 1365 1051 1398 adfore

254 1409 416 1441 exsultans
440 1410 474 1441 in
498 1413 540 1450 te,
566 1413 677 1442 sancta
937 1414 1125 1454 virginalem
1149 1424 1188 1446 ac
1209 1417 1326 1449 almum

255 1456 317 1489 Dei
343 1457 470 1498 caritas,
936 1461 1163 1501 evangelistam

254 1506 286 1535 et
310 1512 369 1544 per
393 1507 426 1536 te
937 1507 1114 1540 Johannem

253 1551 313 1583 tibi
335 1551 477 1591 jubilans
501 1552 631 1592 placita.
936 1554 997 1587 hac
1020 1556 1221 1590 solemnitate
1247 1559 1343 1593 clara.

167 1610 224 1642 4a.
251 1608 312 1649 Qui
336 1611 369 1640 te
392 1609 425 1640 in
451 1610 584 1641 excelsis
852 1611 912 1645 4b.
933 1612 979 1644 Et
1003 1613 1050 1644 sic
1074 1613 1219 1647 inaudita

249 1655 448 1687 habitantem
474 1657 691 1697 contemplans
936 1660 1061 1692 saeculo
1086 1663 1258 1701 praeconia

252 1706 284 1735 et.
307 1705 344 1734 ut
367 1704 474 1743 aquila
498 1704 558 1736 soli
585 1703 724 1744 defigens
934 1710 990 1738 tua
1014 1708 1148 1740 salutari
1174 1709 1337 1743 debriatus

250 1750 381 1791 lumina,
935 1754 1038 1794 gratia

167 1808 223 1840 5a.
249 1806 443 1839 Mortalibus
468 1806 633 1839 effuderat
853 1810 910 1843 5b.
932 1810 978 1842 Et
1001 1814 1107 1843 mente
1129 1821 1212 1852 pura

643 1852 658 1867 ss

248 1863 335 1895 Hinc
360 1871 434 1904 ergo
454 1866 552 1906 tuam,

247 1913 377 1943 aeterne
401 1910 499 1953 Deus,

247 1958 498 1990 misericordiam

245 2007 428 2046 Precamur,
453 2010 491 2038 ut
514 2007 597 2039 hanc

247 2063 340 2095 quam
364 2053 421 2085 ille

244 2102 339 2134 Viam
363 2101 455 2133 nobis
481 2101 676 2143 ostenderat,

621 2161 651 2193 6.

643 2005 659 2021 ηε

787 1891 799 1904 κ
833 1854 849 1870 *
935 1860 966 1889 et
988 1856 1055 1890 fide
1077 1859 1133 1898 pia

789 1902 793 1907 ’
933 1914 1102 1945 sequamur
1126 1915 1164 1938 ac
1188 1907 1248 1940 tibi

931 1952 1134 1992 beneplacita
1142 1967 1150 1996 ς

834 2007 850 2023 *
934 2003 972 2032 ut
996 2001 1062 2040 ejus

931 2048 1080 2088 precibus
1107 2057 1238 2082 cernere
1262 2054 1348 2084 tuam

930 2106 1003 2139 Jam
1026 2114 1205 2139 mereamur
1230 2110 1381 2148 patriam.

679 2159 731 2193 Ibi
755 2169 882 2201 semper
906 2162 986 2203 laus,

677 2208 779 2240 honor
805 2211 837 2241 et
861 2210 1000 2249 claritas,

674 2265 739 2296 pax
765 2259 796 2288 et
821 2258 922 2289 omnis
948 2258 1058 2298 gloria.

234 2312 322 2341 Grad.
344 2320 396 2339 ms.
419 2312 597 2339 Fossatense
617 2320 692 2340 saec.
715 2310 759 2341 13.
782 2312 851 2341 Cod.
869 2314 1028 2342 Parisiens.
1051 2312 1086 2344 13
1098 2313 1163 2344 254.
1177 2317 1212 2345 A.
1233 2332 1270 2337 —-
1289 2318 1405 2348 Prosar.
1420 2329 1474 2349 ms.

153 2349 354 2380 Laudunense
373 2358 449 2379 saec.
472 2348 517 2378 12.
547 2350 616 2378 Cod.
637 2351 827 2379 Laudunens.
848 2350 914 2381 263.
933 2352 967 2380 Β.
994 2367 1033 2372 —
1057 2351 1110 2389 310,
1131 2353 1151 2382 4
1171 2364 1234 2393 sqq.
1261 2358 1418 2393 virginalis
1439 2368 1475 2387 ac

156 2390 226 2419 almi
247 2388 449 2426 evangelistae
468 2388 615 2417 Johannis
635 2389 669 2417 B.
689 2405 728 2410 —
747 2388 800 2424 4a,
821 2388 839 2418 3
868 2391 986 2427 aquilae
1007 2392 1064 2419 soli
1088 2393 1246 2430 designans
1264 2396 1300 2424 A.
1321 2413 1358 2417 —
1378 2396 1432 2433 4b,
1454 2396 1473 2425 2

155 2428 266 2457 saeculi
290 2428 325 2455 A.
346 2443 385 2448 —
407 2426 457 2463 5a,
479 2425 497 2455 2
518 2427 569 2456 Sic
587 2436 655 2464 ergo
675 2428 710 2456 A.
731 2442 768 2447 —
790 2427 815 2465 6,
839 2427 853 2457 1
875 2430 936 2458 Ubi
956 2438 1069 2467 semper
1089 2432 1123 2460 B.
