1653 2632
696 128 739 132 -
790 107 837 141 54
882 127 932 131 -

598 200 644 231 65.
684 199 727 230 De
745 198 843 229 beata
861 197 963 229 Maria
981 197 1018 228 V.

656 266 803 303 Tempore
822 264 965 302 paschali.

582 347 614 380 1.
640 346 718 379 Jesu
744 342 864 376 Christi
887 342 985 374 matri
1008 342 1078 373 laus
1103 341 1146 372 sit

666 391 777 424 Gloria
804 390 891 422 dicta
914 390 1003 422 Jesu.

155 452 211 483 2a.
240 448 422 481 Gratiarum
447 448 540 488 actio,
842 445 900 478 2b.
922 444 1015 476 Solus
1039 443 1131 475 nobis
1157 442 1247 481 obiit,

237 495 323 529 Laus
353 498 386 527 et
405 495 553 534 jubilatio
925 491 989 524 Sed
1013 500 1077 523 non
1099 490 1185 522 solus
1210 490 1329 522 revixit

236 543 300 575 Pro
324 542 417 574 nobis
441 545 565 574 mortuo
924 539 1046 571 Multos
1071 538 1129 570 sed
1156 537 1308 570 conduxit

238 589 413 629 Quondam,
439 597 524 620 nunc
548 589 631 621 vivo.
921 587 1031 626 Regno
1058 585 1142 618 divo.

155 648 211 679 Βῆ.
237 645 408 678 Laetemur
431 645 509 677 hinc
532 653 641 677 omnes
841 643 900 678 3b.
926 643 1039 676 Gaude
1062 650 1156 681 nunc,
1182 641 1298 682 Maria,

238 692 365 725 Christo
391 695 651 732 conresurgentes
921 691 1020 730 Virgo
1047 690 1184 721 clemens
1204 692 1237 721 et
1260 689 1325 731 pia,

236 739 281 771 Et
304 739 400 771 matri
424 739 506 770 tanti
528 740 660 771 victoris
924 738 1096 777 Congaude
1122 737 1249 770 Christo
1275 736 1397 769 viventi

235 786 353 819 Devoti
374 786 471 818 simus
497 786 642 819 omnibus
667 787 765 819 horis.
921 784 1052 825 Piisque
1075 785 1159 816 votis
1176 784 1294 816 nostris
1314 784 1471 816 consenti.

153 848 209 876 4a.
235 843 331 886 Vicit,
357 846 480 884 regnat,
505 844 642 883 imperat
840 842 899 876 4b.
925 842 1013 881 Jesu,
1039 841 1085 874 fili
1110 841 1254 881 virginis,

234 891 428 924 Immortalis
451 899 528 923 vere
922 889 1036 921 Nostri
1059 889 1221 929 miserere,

234 937 337 978 Jesus,
365 946 458 978 quem
480 938 573 970 nobis
924 936 999 968 Tibi
1023 936 1181 975 matrique

233 984 326 1017 Dona
350 986 470 1017 videre.
923 984 992 1015 Fac
1013 992 1072 1016 nos
1101 983 1240 1023 placere.

228 1059 316 1087 Grad.
343 1068 397 1087 ms.
423 1060 638 1088 Novacellense
664 1068 686 1087 s.
716 1060 791 1095 sig-n.
817 1060 887 1086 anni
908 1057 992 1086 1442.
1015 1058 1050 1085 A.
1071 1073 1106 1077 -
1130 1058 1202 1086 Clm.
1221 1058 1392 1086 Monaeens.
1419 1056 1472 1093 (01.

152 1098 320 1133 Superioris
338 1095 435 1132 Altae)
454 1095 538 1125 9508.
559 1106 635 1125 saec.
657 1096 702 1125 15.
722 1098 756 1125 B.
776 1114 814 1117 —
833 1098 918 1125 MeL:
938 1097 1086 1124 Victimae
1106 1096 1240 1132 paschali
1258 1097 1320 1123 Ab.

619 1218 664 1249 66.
702 1218 743 1249 De
763 1217 887 1258 gaudiis
908 1217 995 1249 BMV.

153 1299 210 1333 la,
238 1297 361 1338 Gaude,
387 1298 476 1338 virgo
502 1298 652 1338 gratiosa,
839 1297 897 1330 lb.
921 1296 1043 1337 Gaude,
1069 1297 1165 1329 tellus
1190 1296 1365 1337 fructuosa,

233 1344 375 1377 Verbum
398 1345 496 1377 verbo
522 1345 713 1387 concepisti3
921 1345 1075 1377 Fructum
1099 1344 1186 1376 vitae
1210 1344 1385 1384 protulisti.

153 1404 208 1436 2a.
237 1401 359 1442 Gaude,
383 1411 457 1434 rosa
481 1402 637 1442 speciosa,
838 1402 898 1435 ab.
922 1401 1045 1442 Gaude,
1070 1404 1174 1433 mater
1198 1401 1349 1443 gloriosa,

233 1450 380 1482 Vernaus
406 1450 532 1483 Christo
558 1452 762 1491 resurgente3
923 1449 1049 1483 Christo
1075 1449 1181 1481 coelos
1206 1449 1414 1482 ascendente.

152 1508 207 1540 32..
236 1506 358 1547 Gaude,
384 1505 485 1539 fluens
510 1507 644 1547 deliciis,
840 1506 899 1540 3b.
920 1506 1071 1539 Emunda
1094 1515 1151 1538 nos
1177 1516 1197 1538 a
1220 1506 1307 1538 vitiis

233 1554 328 1586 Nunc
348 1563 423 1586 rosa
443 1555 556 1594 juncta
580 1555 666 1594 lilio;
919 1554 966 1586 Et
989 1557 1043 1586 tuo
1065 1554 1164 1594 junge
1187 1553 1264 1586 filio.

227 1629 311 1657 Mifs.
330 1637 383 1656 ms.
403 1629 581 1656 Monacense
600 1626 637 1657 23
649 1626 714 1657 054.
734 1637 810 1656 ¹saec.
833 1627 876 1656 14.

577 1749 622 1780 67.
662 1750 697 1781 In
716 1749 937 1790 Assumptione
955 1749 1043 1780 BMV.

564 1831 595 1864 1.
622 1829 736 1862 Gaude
759 1830 820 1871 ej‘a,

622 1878 717 1909 unica
741 1877 897 1916 columba,

622 1925 769 1965 speciosa
793 1934 922 1965 sponsa,

622 1981 761 2012 superno
787 1972 856 2012 regi
881 1971 1071 2003 consociata.

154 2031 211 2063 2a.
237 2029 339 2061 Beata
843 2029 901 2061 2b.
925 2028 1108 2070 Precamur‚

236 2084 363 2115 semper
386 2076 448 2108 Dei
925 2075 1020 2115 alma,
1046 2084 1159 2115 preces

238 2123 387 2163 genitrix,
413 2124 468 2163 pia
491 2124 582 2163 virgo
926 2122 1079 2154 exaudire
1105 2123 1246 2164 digneris

237 2169 354 2210 Maria,
926 2172 958 2200 et
980 2172 1117 2204 nostras

156 2228 215 2260 3a.
241 2226 413 2259 Praeclara
438 2227 506 2259 dies
843 2225 902 2260 3b.
923 2226 1015 2258 Haec
1039 2227 1223 2260 solemnitas

237 2273 329 2305 nobis
353 2274 461 2316 instat,
926 2277 975 2305 est
997 2274 1095 2306 hodie

238 2329 332 2360 quam
356 2323 535 2360 temporum
559 2320 651 2353 affert
926 2323 958 2352 et
982 2320 1141 2354 festivitas
1165 2326 1278 2355 nostra

241 2367 348 2400 orbita
370 2368 527 2400 revoluta.
928 2368 1043 2400 merito
1067 2370 1260 2403 veneranda.
