<?xml version="1.0" encoding="UTF-8"?>
<!DOCTYPE html PUBLIC "-//W3C//DTD XHTML 1.0 Transitional//EN"
    "http://www.w3.org/TR/xhtml1/DTD/xhtml1-transitional.dtd">
<html xmlns="http://www.w3.org/1999/xhtml" xml:lang="en" lang="en">
 <head>
  <title>
</title>
<meta http-equiv="Content-Type" content="text/html;charset=utf-8" />
  <meta name='ocr-system' content='tesseract 3.04.00' />
  <meta name='ocr-capabilities' content='ocr_page ocr_carea ocr_par ocr_line ocrx_word'/>
</head>
<body>
  <div class='ocr_page' id='page_1' title='image "./analectahymnica09drevuoft_00111.png"; bbox 0 0 1653 2632; ppageno 0'>
   <div class='ocr_carea' id='block_1_1' title="bbox 653 134 914 169">
    <p class='ocr_par' dir='ltr' id='par_1_1' title="bbox 653 134 914 169">
     <span class='ocr_line' id='line_1_1' title="bbox 653 134 914 169; baseline -0.008 1"><span class='ocrx_word' id='word_1_1' title='bbox 653 134 914 169; x_wconf 79' lang='lat'>—110-</span> 
     </span>
    </p>
   </div>
   <div class='ocr_carea' id='block_1_2' title="bbox 843 234 1420 369">
    <p class='ocr_par' dir='ltr' id='par_1_2' title="bbox 843 234 1420 369">
     <span class='ocr_line' id='line_1_2' title="bbox 843 234 1410 274; baseline -0.012 -3"><span class='ocrx_word' id='word_1_2' title='bbox 843 239 903 272; x_wconf 61' lang='lat' dir='ltr'>cib.</span> <span class='ocrx_word' id='word_1_3' title='bbox 923 237 1039 269; x_wconf 87' lang='lat' dir='ltr'>Mundi</span> <span class='ocrx_word' id='word_1_4' title='bbox 1065 236 1175 267; x_wconf 82' lang='lat' dir='ltr'><strong>rhetor</strong></span> <span class='ocrx_word' id='word_1_5' title='bbox 1199 234 1410 274; x_wconf 78' lang='lat' dir='ltr'><strong>parvipendet</strong></span> 
     </span>
     <span class='ocr_line' id='line_1_3' title="bbox 926 280 1420 320; baseline -0.008 -5"><span class='ocrx_word' id='word_1_6' title='bbox 926 284 1045 316; x_wconf 84' lang='lat' dir='ltr'>Christi</span> <span class='ocrx_word' id='word_1_7' title='bbox 1069 282 1163 315; x_wconf 88' lang='lat' dir='ltr'>fidem</span> <span class='ocrx_word' id='word_1_8' title='bbox 1190 290 1249 313; x_wconf 87' lang='lat' dir='ltr'>nec</span> <span class='ocrx_word' id='word_1_9' title='bbox 1273 280 1420 320; x_wconf 87' lang='lat' dir='ltr'>attendit,</span> 
     </span>
     <span class='ocr_line' id='line_1_4' title="bbox 974 327 1417 369; baseline -0.011 -7"><span class='ocrx_word' id='word_1_10' title='bbox 974 330 1061 369; x_wconf 84' lang='lat' dir='ltr'>Quae</span> <span class='ocrx_word' id='word_1_11' title='bbox 1085 330 1127 361; x_wconf 86' lang='lat' dir='ltr'>sit</span> <span class='ocrx_word' id='word_1_12' title='bbox 1152 328 1271 362; x_wconf 82' lang='lat' dir='ltr'>Christi</span> <span class='ocrx_word' id='word_1_13' title='bbox 1296 327 1417 358; x_wconf 85' lang='lat' dir='ltr'>semita.</span> 
     </span>
    </p>
   </div>
   <div class='ocr_carea' id='block_1_3' title="bbox 846 384 1427 520">
    <p class='ocr_par' dir='ltr' id='par_1_3' title="bbox 846 384 1427 520">
     <span class='ocr_line' id='line_1_5' title="bbox 846 384 1370 425; baseline -0.013 -4"><span class='ocrx_word' id='word_1_14' title='bbox 846 388 903 422; x_wconf 87' lang='lat' dir='ltr'>5b.</span> <span class='ocrx_word' id='word_1_15' title='bbox 927 387 978 419; x_wconf 88' lang='lat' dir='ltr'>Ab</span> <span class='ocrx_word' id='word_1_16' title='bbox 1005 389 1133 418; x_wconf 85' lang='lat' dir='ltr'>aeterno</span> <span class='ocrx_word' id='word_1_17' title='bbox 1156 384 1370 425; x_wconf 86' lang='lat' dir='ltr'>praeelectum</span> 
     </span>
     <span class='ocr_line' id='line_1_6' title="bbox 927 431 1427 466; baseline -0.014 0"><span class='ocrx_word' id='word_1_18' title='bbox 927 434 1034 466; x_wconf 83' lang='lat' dir='ltr'>Vertit</span> <span class='ocrx_word' id='word_1_19' title='bbox 1059 441 1188 465; x_wconf 82' lang='lat' dir='ltr'>curvum</span> <span class='ocrx_word' id='word_1_20' title='bbox 1212 432 1246 463; x_wconf 93' lang='lat' dir='ltr'>in</span> <span class='ocrx_word' id='word_1_21' title='bbox 1274 431 1427 461; x_wconf 86' lang='lat' dir='ltr'>directum</span> 
     </span>
     <span class='ocr_line' id='line_1_7' title="bbox 975 477 1424 520; baseline -0.013 -7"><span class='ocrx_word' id='word_1_22' title='bbox 975 481 1106 513; x_wconf 87' lang='lat' dir='ltr'>Sacrum</span> <span class='ocrx_word' id='word_1_23' title='bbox 1127 488 1187 520; x_wconf 84' lang='lat' dir='ltr'>per</span> <span class='ocrx_word' id='word_1_24' title='bbox 1209 477 1424 511; x_wconf 88' lang='lat' dir='ltr'>Ambrosium.</span> 
     </span>
    </p>
   </div>
   <div class='ocr_carea' id='block_1_4' title="bbox 844 535 1448 720">
    <p class='ocr_par' dir='ltr' id='par_1_4' title="bbox 844 535 1448 720">
     <span class='ocr_line' id='line_1_8' title="bbox 844 535 1448 573; baseline -0.017 0"><span class='ocrx_word' id='word_1_25' title='bbox 844 540 903 573; x_wconf 84' lang='lat' dir='ltr'>6b.</span> <span class='ocrx_word' id='word_1_26' title='bbox 922 539 1102 572; x_wconf 83' lang='lat' dir='ltr'>Membrum</span> <span class='ocrx_word' id='word_1_27' title='bbox 1130 535 1247 569; x_wconf 85' lang='lat' dir='ltr'>Christi</span> <span class='ocrx_word' id='word_1_28' title='bbox 1277 542 1350 565; x_wconf 78' lang='lat' dir='ltr'>mox</span> <span class='ocrx_word' id='word_1_29' title='bbox 1375 541 1448 572; x_wconf 85' lang='lat' dir='ltr'>per-</span> 
     </span>
     <span class='ocr_line' id='line_1_9' title="bbox 1220 581 1339 614; baseline -0.017 0"><span class='ocrx_word' id='word_1_30' title='bbox 1220 581 1339 614; x_wconf 82' lang='lat' dir='ltr'>fectum</span> 
     </span>
     <span class='ocr_line' id='line_1_10' title="bbox 929 629 1393 667; baseline -0.015 -1"><span class='ocrx_word' id='word_1_31' title='bbox 929 635 993 667; x_wconf 85' lang='lat' dir='ltr'>Per</span> <span class='ocrx_word' id='word_1_32' title='bbox 1019 632 1166 664; x_wconf 81' lang='lat' dir='ltr'>aflectum</span> <span class='ocrx_word' id='word_1_33' title='bbox 1192 633 1224 662; x_wconf 88' lang='lat' dir='ltr'>et</span> <span class='ocrx_word' id='word_1_34' title='bbox 1249 629 1393 661; x_wconf 83' lang='lat' dir='ltr'>effectum</span> 
     </span>
     <span class='ocr_line' id='line_1_11' title="bbox 979 678 1307 720; baseline -0.015 -7"><span class='ocrx_word' id='word_1_35' title='bbox 979 680 1092 720; x_wconf 85' lang='lat' dir='ltr'>Operis</span> <span class='ocrx_word' id='word_1_36' title='bbox 1118 678 1307 711; x_wconf 87' lang='lat' dir='ltr'>ostenditur.</span> 
     </span>
    </p>
   </div>
   <div class='ocr_carea' id='block_1_5' title="bbox 852 734 1406 863">
    <p class='ocr_par' dir='ltr' id='par_1_5' title="bbox 852 734 1406 863">
     <span class='ocr_line' id='line_1_12' title="bbox 852 734 1354 771; baseline -0.014 0"><span class='ocrx_word' id='word_1_37' title='bbox 852 740 870 771; x_wconf 84' lang='lat'><strong>7</strong></span> <span class='ocrx_word' id='word_1_38' title='bbox 878 738 910 770; x_wconf 92' lang='lat' dir='ltr'>b.</span> <span class='ocrx_word' id='word_1_39' title='bbox 932 737 1038 769; x_wconf 87' lang='lat' dir='ltr'>Sacris</span> <span class='ocrx_word' id='word_1_40' title='bbox 1062 736 1178 768; x_wconf 89' lang='lat' dir='ltr'>litteris</span> <span class='ocrx_word' id='word_1_41' title='bbox 1203 734 1354 770; x_wconf 87' lang='lat' dir='ltr'>imbutus,</span> 
     </span>
     <span class='ocr_line' id='line_1_13' title="bbox 934 782 1330 817; baseline -0.013 -1"><span class='ocrx_word' id='word_1_42' title='bbox 934 784 1053 817; x_wconf 85' lang='lat' dir='ltr'>Christi</span> <span class='ocrx_word' id='word_1_43' title='bbox 1078 784 1145 815; x_wconf 89' lang='lat' dir='ltr'>sale</span> <span class='ocrx_word' id='word_1_44' title='bbox 1171 782 1330 814; x_wconf 84' lang='lat' dir='ltr'>delibutus</span> 
     </span>
     <span class='ocr_line' id='line_1_14' title="bbox 980 828 1406 863; baseline -0.012 0"><span class='ocrx_word' id='word_1_45' title='bbox 980 831 1101 863; x_wconf 87' lang='lat' dir='ltr'>Doctor</span> <span class='ocrx_word' id='word_1_46' title='bbox 1127 830 1230 861; x_wconf 89' lang='lat' dir='ltr'>clarus</span> <span class='ocrx_word' id='word_1_47' title='bbox 1255 828 1406 859; x_wconf 85' lang='lat' dir='ltr'>noscitur.</span> 
     </span>
    </p>
   </div>
   <div class='ocr_carea' id='block_1_6' title="bbox 853 884 1455 1123">
    <p class='ocr_par' dir='ltr' id='par_1_6' title="bbox 853 884 1455 1123">
     <span class='ocr_line' id='line_1_15' title="bbox 853 884 1303 925; baseline -0.011 -5"><span class='ocrx_word' id='word_1_48' title='bbox 853 887 911 921; x_wconf 82' lang='lat' dir='ltr'>8b.</span> <span class='ocrx_word' id='word_1_49' title='bbox 932 887 1042 919; x_wconf 86' lang='lat' dir='ltr'>Fortis</span> <span class='ocrx_word' id='word_1_50' title='bbox 1066 889 1138 925; x_wconf 79' lang='lat' dir='ltr'>tyro</span> <span class='ocrx_word' id='word_1_51' title='bbox 1160 884 1303 916; x_wconf 88' lang='lat' dir='ltr'>veritatis</span> 
     </span>
     <span class='ocr_line' id='line_1_16' title="bbox 935 930 1332 973; baseline -0.013 -7"><span class='ocrx_word' id='word_1_52' title='bbox 935 934 1158 973; x_wconf 67' lang='lat' dir='ltr'>Tyrannorum</span> <span class='ocrx_word' id='word_1_53' title='bbox 1182 930 1332 963; x_wconf 84' lang='lat' dir='ltr'>falsitatis</span> 
     </span>
     <span class='ocr_line' id='line_1_17' title="bbox 984 978 1309 1018; baseline -0.006 -6"><span class='ocrx_word' id='word_1_54' title='bbox 984 980 1094 1012; x_wconf 80' lang='lat' dir='ltr'>Vincit</span> <span class='ocrx_word' id='word_1_55' title='bbox 1115 978 1309 1018; x_wconf 86' lang='lat' dir='ltr'>magisteria.</span> 
     </span>
     <span class='ocr_line' id='line_1_18' title="bbox 856 1033 1455 1076; baseline -0.01 -6"><span class='ocrx_word' id='word_1_56' title='bbox 856 1036 915 1070; x_wconf 86' lang='lat' dir='ltr'>9b.</span> <span class='ocrx_word' id='word_1_57' title='bbox 937 1036 1032 1069; x_wconf 82' lang='lat' dir='ltr'>Felix</span> <span class='ocrx_word' id='word_1_58' title='bbox 1064 1038 1175 1076; x_wconf 88' lang='lat' dir='ltr'>pastor</span> <span class='ocrx_word' id='word_1_59' title='bbox 1199 1034 1302 1074; x_wconf 83' lang='lat' dir='ltr'>gregis</span> <span class='ocrx_word' id='word_1_60' title='bbox 1328 1033 1455 1073; x_wconf 75' lang='lat' dir='ltr'>Christi,</span> 
     </span>
     <span class='ocr_line' id='line_1_19' title="bbox 937 1081 1388 1123; baseline -0.009 -8"><span class='ocrx_word' id='word_1_61' title='bbox 937 1084 1032 1116; x_wconf 76' lang='lat' dir='ltr'>Felix</span> <span class='ocrx_word' id='word_1_62' title='bbox 1056 1091 1143 1123; x_wconf 82' lang='lat' dir='ltr'>grex,</span> <span class='ocrx_word' id='word_1_63' title='bbox 1167 1082 1220 1122; x_wconf 89' lang='lat' dir='ltr'>qui</span> <span class='ocrx_word' id='word_1_64' title='bbox 1244 1081 1388 1112; x_wconf 88' lang='lat' dir='ltr'>meruisti</span> 
     </span>
    </p>
   </div>
   <div class='ocr_carea' id='block_1_7' title="bbox 159 241 760 429">
    <p class='ocr_par' dir='ltr' id='par_1_7' title="bbox 159 241 760 429">
     <span class='ocr_line' id='line_1_20' title="bbox 159 241 693 283; baseline -0.007 -8"><span class='ocrx_word' id='word_1_65' title='bbox 159 243 216 275; x_wconf 89' lang='lat' dir='ltr'>4a.</span> <span class='ocrx_word' id='word_1_66' title='bbox 243 243 438 283; x_wconf 82' lang='lat' dir='ltr'>Augustinus</span> <span class='ocrx_word' id='word_1_67' title='bbox 466 242 539 274; x_wconf 90' lang='lat' dir='ltr'>dum</span> <span class='ocrx_word' id='word_1_68' title='bbox 562 241 693 282; x_wconf 83' lang='lat' dir='ltr'>sophiae</span> 
     </span>
     <span class='ocr_line' id='line_1_21' title="bbox 239 287 726 331; baseline -0.008 -9"><span class='ocrx_word' id='word_1_69' title='bbox 239 290 357 323; x_wconf 83' lang='lat' dir='ltr'>Mundi</span> <span class='ocrx_word' id='word_1_70' title='bbox 381 290 490 331; x_wconf 84' lang='lat' dir='ltr'>servit,</span> <span class='ocrx_word' id='word_1_71' title='bbox 517 289 628 320; x_wconf 88' lang='lat' dir='ltr'>matris</span> <span class='ocrx_word' id='word_1_72' title='bbox 652 287 726 327; x_wconf 87' lang='lat' dir='ltr'>piae</span> 
     </span>
     <span class='ocr_line' id='line_1_22' title="bbox 290 335 689 376; baseline -0.01 -7"><span class='ocrx_word' id='word_1_73' title='bbox 290 337 389 369; x_wconf 87' lang='lat' dir='ltr'>Sacra</span> <span class='ocrx_word' id='word_1_74' title='bbox 413 336 538 376; x_wconf 88' lang='lat' dir='ltr'>spernit</span> <span class='ocrx_word' id='word_1_75' title='bbox 559 335 689 375; x_wconf 85' lang='lat' dir='ltr'>monita,</span> 
     </span>
     <span class='ocr_line' id='line_1_23' title="bbox 161 391 760 429; baseline -0.008 -3"><span class='ocrx_word' id='word_1_76' title='bbox 161 395 215 427; x_wconf 86' lang='lat' dir='ltr'>5a.</span> <span class='ocrx_word' id='word_1_77' title='bbox 242 393 349 425; x_wconf 84' lang='lat' dir='ltr'>Mater</span> <span class='ocrx_word' id='word_1_78' title='bbox 375 391 470 425; x_wconf 88' lang='lat' dir='ltr'>deflet</span> <span class='ocrx_word' id='word_1_79' title='bbox 490 392 574 424; x_wconf 88' lang='lat' dir='ltr'>hunc</span> <span class='ocrx_word' id='word_1_80' title='bbox 592 392 760 429; x_wconf 82' lang='lat' dir='ltr'>errantem,</span> 
     </span>
    </p>
   </div>
   <div class='ocr_carea' id='block_1_8' title="bbox 243 440 729 525">
    <p class='ocr_par' dir='ltr' id='par_1_8' title="bbox 243 440 729 525">
     <span class='ocr_line' id='line_1_24' title="bbox 243 440 729 472; baseline -0.008 0"><span class='ocrx_word' id='word_1_81' title='bbox 243 440 390 472; x_wconf 83' lang='lat' dir='ltr'>Flentem</span> <span class='ocrx_word' id='word_1_82' title='bbox 414 440 502 472; x_wconf 89' lang='lat' dir='ltr'>Deus</span> <span class='ocrx_word' id='word_1_83' title='bbox 528 442 559 470; x_wconf 91' lang='lat' dir='ltr'>et</span> <span class='ocrx_word' id='word_1_84' title='bbox 586 440 729 470; x_wconf 91' lang='lat' dir='ltr'>orantem</span> 
     </span>
     <span class='ocr_line' id='line_1_25' title="bbox 287 485 714 525; baseline -0.009 -6"><span class='ocrx_word' id='word_1_85' title='bbox 287 487 391 520; x_wconf 87' lang='lat' dir='ltr'>Audit</span> <span class='ocrx_word' id='word_1_86' title='bbox 412 489 540 519; x_wconf 88' lang='lat' dir='ltr'>vertens</span> <span class='ocrx_word' id='word_1_87' title='bbox 564 485 714 525; x_wconf 80' lang='lat' dir='ltr'>impium3</span> 
     </span>
    </p>
   </div>
   <div class='ocr_carea' id='block_1_9' title="bbox 162 541 681 583">
    <p class='ocr_par' dir='ltr' id='par_1_9' title="bbox 162 541 681 583">
     <span class='ocr_line' id='line_1_26' title="bbox 162 541 681 583; baseline -0.012 -6"><span class='ocrx_word' id='word_1_88' title='bbox 162 546 218 577; x_wconf 89' lang='lat' dir='ltr'>6a.</span> <span class='ocrx_word' id='word_1_89' title='bbox 246 544 343 576; x_wconf 87' lang='lat' dir='ltr'>Sacro</span> <span class='ocrx_word' id='word_1_90' title='bbox 366 543 454 576; x_wconf 82' lang='lat' dir='ltr'>fonte</span> <span class='ocrx_word' id='word_1_91' title='bbox 477 543 529 583; x_wconf 91' lang='lat' dir='ltr'>qui</span> <span class='ocrx_word' id='word_1_92' title='bbox 554 541 681 573; x_wconf 89' lang='lat' dir='ltr'>ablutus</span> 
     </span>
    </p>
   </div>
   <div class='ocr_carea' id='block_1_10' title="bbox 249 636 701 723">
    <p class='ocr_par' dir='ltr' id='par_1_10' title="bbox 249 636 701 723">
     <span class='ocr_line' id='line_1_27' title="bbox 249 636 654 669; baseline -0.005 -1"><span class='ocrx_word' id='word_1_93' title='bbox 249 636 354 668; x_wconf 89' lang='lat' dir='ltr'>Adam</span> <span class='ocrx_word' id='word_1_94' title='bbox 375 639 514 669; x_wconf 86' lang='lat' dir='ltr'>veterem</span> <span class='ocrx_word' id='word_1_95' title='bbox 543 639 654 668; x_wconf 85' lang='lat' dir='ltr'>exutus</span> 
     </span>
     <span class='ocr_line' id='line_1_28' title="bbox 293 683 701 723; baseline -0.005 -8"><span class='ocrx_word' id='word_1_96' title='bbox 293 684 330 715; x_wconf 87' lang='lat' dir='ltr'>In</span> <span class='ocrx_word' id='word_1_97' title='bbox 355 692 470 715; x_wconf 76' lang='lat' dir='ltr'>novum</span> <span class='ocrx_word' id='word_1_98' title='bbox 497 683 701 723; x_wconf 82' lang='lat' dir='ltr'>convertitur,</span> 
     </span>
    </p>
   </div>
   <div class='ocr_carea' id='block_1_11' title="bbox 169 738 723 871">
    <p class='ocr_par' dir='ltr' id='par_1_11' title="bbox 169 738 723 871">
     <span class='ocr_line' id='line_1_29' title="bbox 169 738 723 778; baseline -0.004 -7"><span class='ocrx_word' id='word_1_99' title='bbox 169 741 225 772; x_wconf 64' lang='grc' dir='ltr'>Ἧι.</span> <span class='ocrx_word' id='word_1_100' title='bbox 251 738 367 770; x_wconf 85' lang='lat' dir='ltr'>Mundi</span> <span class='ocrx_word' id='word_1_101' title='bbox 395 740 519 778; x_wconf 89' lang='lat' dir='ltr'>spernit</span> <span class='ocrx_word' id='word_1_102' title='bbox 540 739 723 775; x_wconf 82' lang='lat' dir='ltr'>vanitatem,</span> 
     </span>
     <span class='ocr_line' id='line_1_30' title="bbox 248 785 638 817; baseline -0.003 0"><span class='ocrx_word' id='word_1_103' title='bbox 248 785 354 817; x_wconf 86' lang='lat' dir='ltr'>Solam</span> <span class='ocrx_word' id='word_1_104' title='bbox 378 785 441 817; x_wconf 87' lang='lat' dir='ltr'>Dei</span> <span class='ocrx_word' id='word_1_105' title='bbox 463 786 638 817; x_wconf 84' lang='lat' dir='ltr'>bonitatem</span> 
     </span>
     <span class='ocr_line' id='line_1_31' title="bbox 296 833 695 871; baseline -0.005 -6"><span class='ocrx_word' id='word_1_106' title='bbox 296 834 395 865; x_wconf 86' lang='lat' dir='ltr'>Amat</span> <span class='ocrx_word' id='word_1_107' title='bbox 419 835 451 863; x_wconf 87' lang='lat' dir='ltr'>et</span> <span class='ocrx_word' id='word_1_108' title='bbox 475 833 695 871; x_wconf 80' lang='lat' dir='ltr'>amplectitur3</span> 
     </span>
    </p>
   </div>
   <div class='ocr_carea' id='block_1_12' title="bbox 168 888 768 1078">
    <p class='ocr_par' dir='ltr' id='par_1_12' title="bbox 168 888 768 1078">
     <span class='ocr_line' id='line_1_32' title="bbox 168 888 768 927; baseline -0.005 -5"><span class='ocrx_word' id='word_1_109' title='bbox 168 891 222 923; x_wconf 87' lang='lat' dir='ltr'>8a.</span> <span class='ocrx_word' id='word_1_110' title='bbox 250 889 371 927; x_wconf 79' lang='lat' dir='ltr'>Dictat,</span> <span class='ocrx_word' id='word_1_111' title='bbox 400 888 522 927; x_wconf 83' lang='lat' dir='ltr'>scribit,</span> <span class='ocrx_word' id='word_1_112' title='bbox 555 889 646 920; x_wconf 89' lang='lat' dir='ltr'>docet</span> <span class='ocrx_word' id='word_1_113' title='bbox 670 890 768 927; x_wconf 88' lang='lat' dir='ltr'>recta,</span> 
     </span>
     <span class='ocr_line' id='line_1_33' title="bbox 250 935 700 975; baseline -0.009 -6"><span class='ocrx_word' id='word_1_114' title='bbox 250 937 290 969; x_wconf 90' lang='lat' dir='ltr'>In</span> <span class='ocrx_word' id='word_1_115' title='bbox 314 937 418 968; x_wconf 87' lang='lat' dir='ltr'>lucem</span> <span class='ocrx_word' id='word_1_116' title='bbox 439 935 592 975; x_wconf 87' lang='lat' dir='ltr'>producit</span> <span class='ocrx_word' id='word_1_117' title='bbox 615 937 700 965; x_wconf 86' lang='lat' dir='ltr'>tecta</span> 
     </span>
     <span class='ocr_line' id='line_1_34' title="bbox 298 982 670 1023; baseline -0.011 -6"><span class='ocrx_word' id='word_1_118' title='bbox 298 984 485 1023; x_wconf 87' lang='lat' dir='ltr'>Scripturae</span> <span class='ocrx_word' id='word_1_119' title='bbox 508 982 670 1022; x_wconf 76' lang='lat' dir='ltr'>mysteria,</span> 
     </span>
     <span class='ocr_line' id='line_1_35' title="bbox 170 1038 742 1078; baseline -0.012 -3"><span class='ocrx_word' id='word_1_120' title='bbox 170 1044 226 1076; x_wconf 84' lang='lat' dir='ltr'>9a.</span> <span class='ocrx_word' id='word_1_121' title='bbox 252 1041 339 1073; x_wconf 88' lang='lat' dir='ltr'>Hinc</span> <span class='ocrx_word' id='word_1_122' title='bbox 363 1040 405 1072; x_wconf 90' lang='lat' dir='ltr'>ad</span> <span class='ocrx_word' id='word_1_123' title='bbox 430 1039 538 1071; x_wconf 89' lang='lat' dir='ltr'>sedem</span> <span class='ocrx_word' id='word_1_124' title='bbox 563 1038 742 1078; x_wconf 86' lang='lat' dir='ltr'>postulatur</span> 
     </span>
    </p>
   </div>
   <div class='ocr_carea' id='block_1_13' title="bbox 253 1085 716 1175">
    <p class='ocr_par' dir='ltr' id='par_1_13' title="bbox 253 1085 716 1175">
     <span class='ocr_line' id='line_1_36' title="bbox 253 1085 662 1127; baseline -0.01 -6"><span class='ocrx_word' id='word_1_125' title='bbox 253 1088 470 1127; x_wconf 87' lang='lat' dir='ltr'>Praesulatus‚</span> <span class='ocrx_word' id='word_1_126' title='bbox 496 1085 662 1127; x_wconf 81' lang='lat' dir='ltr'>infulatur,</span> 
     </span>
     <span class='ocr_line' id='line_1_37' title="bbox 301 1133 716 1175; baseline -0.012 -7"><span class='ocrx_word' id='word_1_127' title='bbox 301 1136 425 1175; x_wconf 80' lang='lat' dir='ltr'>Dignus</span> <span class='ocrx_word' id='word_1_128' title='bbox 450 1137 539 1166; x_wconf 87' lang='lat' dir='ltr'>tanto</span> <span class='ocrx_word' id='word_1_129' title='bbox 563 1133 716 1173; x_wconf 89' lang='lat' dir='ltr'>culmine;</span> 
     </span>
    </p>
   </div>
   <div class='ocr_carea' id='block_1_14' title="bbox 146 1190 775 1319">
    <p class='ocr_par' dir='ltr' id='par_1_14' title="bbox 146 1190 775 1319">
     <span class='ocr_line' id='line_1_38' title="bbox 146 1190 773 1232; baseline -0.011 -5"><span class='ocrx_word' id='word_1_130' title='bbox 146 1195 188 1227; x_wconf 90' lang='lat'>10</span> <span class='ocrx_word' id='word_1_131' title='bbox 201 1203 228 1226; x_wconf 90' lang='lat' dir='ltr'>a.</span> <span class='ocrx_word' id='word_1_132' title='bbox 256 1192 347 1225; x_wconf 58' lang='lat' dir='ltr'>§ulli</span> <span class='ocrx_word' id='word_1_133' title='bbox 371 1200 503 1232; x_wconf 75' lang='lat' dir='ltr'>prorsus</span> <span class='ocrx_word' id='word_1_134' title='bbox 528 1191 582 1222; x_wconf 89' lang='lat' dir='ltr'>hic</span> <span class='ocrx_word' id='word_1_135' title='bbox 604 1190 773 1229; x_wconf 89' lang='lat' dir='ltr'>secundus,</span> 
     </span>
     <span class='ocr_line' id='line_1_39' title="bbox 252 1235 775 1280; baseline -0.006 -9"><span class='ocrx_word' id='word_1_136' title='bbox 252 1240 401 1280; x_wconf 85' lang='lat' dir='ltr'>Quisnam</span> <span class='ocrx_word' id='word_1_137' title='bbox 419 1239 516 1270; x_wconf 85' lang='lat' dir='ltr'>eorde</span> <span class='ocrx_word' id='word_1_138' title='bbox 533 1238 580 1269; x_wconf 88' lang='lat' dir='ltr'>sic</span> <span class='ocrx_word' id='word_1_139' title='bbox 595 1235 775 1277; x_wconf 84' lang='lat' dir='ltr'>profundus</span> 
     </span>
     <span class='ocr_line' id='line_1_40' title="bbox 300 1284 608 1319; baseline -0.013 0"><span class='ocrx_word' id='word_1_140' title='bbox 300 1288 338 1319; x_wconf 86' lang='lat' dir='ltr'>ln</span> <span class='ocrx_word' id='word_1_141' title='bbox 363 1287 425 1319; x_wconf 91' lang='lat' dir='ltr'>Dei</span> <span class='ocrx_word' id='word_1_142' title='bbox 450 1284 608 1317; x_wconf 70' lang='lat' dir='ltr'>scientia?</span> 
     </span>
    </p>
   </div>
   <div class='ocr_carea' id='block_1_15' title="bbox 147 1342 762 1478">
    <p class='ocr_par' dir='ltr' id='par_1_15' title="bbox 147 1342 762 1478">
     <span class='ocr_line' id='line_1_41' title="bbox 147 1342 673 1379; baseline -0.013 0"><span class='ocrx_word' id='word_1_143' title='bbox 147 1346 227 1379; x_wconf 81' lang='lat' dir='ltr'>lla.</span> <span class='ocrx_word' id='word_1_144' title='bbox 254 1345 485 1378; x_wconf 73' lang='lat' dir='ltr'>sacrosanctae</span> <span class='ocrx_word' id='word_1_145' title='bbox 509 1342 673 1374; x_wconf 82' lang='lat' dir='ltr'>Trinitatis</span> 
     </span>
     <span class='ocr_line' id='line_1_42' title="bbox 254 1389 719 1431; baseline -0.011 -6"><span class='ocrx_word' id='word_1_146' title='bbox 254 1391 494 1431; x_wconf 83' lang='lat' dir='ltr'>Contemplator</span> <span class='ocrx_word' id='word_1_147' title='bbox 520 1398 591 1421; x_wconf 86' lang='lat' dir='ltr'>cum</span> <span class='ocrx_word' id='word_1_148' title='bbox 616 1389 719 1421; x_wconf 78' lang='lat' dir='ltr'>beatis</span> 
     </span>
     <span class='ocr_line' id='line_1_43' title="bbox 301 1436 762 1478; baseline -0.009 -7"><span class='ocrx_word' id='word_1_149' title='bbox 301 1439 427 1471; x_wconf 83' lang='lat' dir='ltr'>Fruens</span> <span class='ocrx_word' id='word_1_150' title='bbox 452 1446 536 1469; x_wconf 90' lang='lat' dir='ltr'>nunc</span> <span class='ocrx_word' id='word_1_151' title='bbox 561 1436 762 1478; x_wconf 85' lang='lat' dir='ltr'>coelestibus,</span> 
     </span>
    </p>
   </div>
   <div class='ocr_carea' id='block_1_16' title="bbox 833 1129 1436 1226">
    <p class='ocr_par' dir='ltr' id='par_1_16' title="bbox 833 1129 1436 1226">
     <span class='ocr_line' id='line_1_44' title="bbox 984 1129 1334 1170; baseline -0.014 -6"><span class='ocrx_word' id='word_1_152' title='bbox 984 1132 1056 1164; x_wconf 86' lang='lat' dir='ltr'>Hoc</span> <span class='ocrx_word' id='word_1_153' title='bbox 1080 1130 1150 1170; x_wconf 86' lang='lat' dir='ltr'>regi</span> <span class='ocrx_word' id='word_1_154' title='bbox 1173 1129 1334 1169; x_wconf 88' lang='lat' dir='ltr'>regimine.</span> 
     </span>
     <span class='ocr_line' id='line_1_45' title="bbox 833 1183 1436 1226; baseline -0.012 -4"><span class='ocrx_word' id='word_1_155' title='bbox 833 1188 914 1222; x_wconf 83' lang='lat' dir='ltr'>10b.</span> <span class='ocrx_word' id='word_1_156' title='bbox 938 1187 1061 1219; x_wconf 86' lang='lat' dir='ltr'>Fructu</span> <span class='ocrx_word' id='word_1_157' title='bbox 1085 1187 1171 1219; x_wconf 88' lang='lat' dir='ltr'>vitae</span> <span class='ocrx_word' id='word_1_158' title='bbox 1195 1186 1248 1217; x_wconf 88' lang='lat' dir='ltr'>hic</span> <span class='ocrx_word' id='word_1_159' title='bbox 1271 1183 1436 1226; x_wconf 76' lang='lat' dir='ltr'>fecundus,</span> 
     </span>
    </p>
   </div>
   <div class='ocr_carea' id='block_1_17' title="bbox 938 1231 1428 1321">
    <p class='ocr_par' dir='ltr' id='par_1_17' title="bbox 938 1231 1428 1321">
     <span class='ocr_line' id='line_1_46' title="bbox 938 1231 1428 1274; baseline -0.008 -7"><span class='ocrx_word' id='word_1_160' title='bbox 938 1236 977 1267; x_wconf 85' lang='lat'>111</span> <span class='ocrx_word' id='word_1_161' title='bbox 1002 1234 1171 1274; x_wconf 89' lang='lat' dir='ltr'>scripturis</span> <span class='ocrx_word' id='word_1_162' title='bbox 1195 1233 1249 1265; x_wconf 86' lang='lat' dir='ltr'>hic</span> <span class='ocrx_word' id='word_1_163' title='bbox 1273 1231 1428 1264; x_wconf 87' lang='lat' dir='ltr'>facundus</span> 
     </span>
     <span class='ocr_line' id='line_1_47' title="bbox 987 1280 1286 1321; baseline -0.01 -7"><span class='ocrx_word' id='word_1_164' title='bbox 987 1282 1075 1315; x_wconf 85' lang='lat' dir='ltr'>Mira</span> <span class='ocrx_word' id='word_1_165' title='bbox 1099 1280 1286 1321; x_wconf 83' lang='lat' dir='ltr'>eloquentia..</span> 
     </span>
    </p>
   </div>
   <div class='ocr_carea' id='block_1_18' title="bbox 837 1338 1442 1474">
    <p class='ocr_par' dir='ltr' id='par_1_18' title="bbox 837 1338 1442 1474">
     <span class='ocr_line' id='line_1_48' title="bbox 837 1338 1442 1382; baseline -0.01 -9"><span class='ocrx_word' id='word_1_166' title='bbox 837 1340 920 1374; x_wconf 86' lang='lat' dir='ltr'>11b.</span> <span class='ocrx_word' id='word_1_167' title='bbox 941 1340 1066 1382; x_wconf 83' lang='lat' dir='ltr'>Pastor,</span> <span class='ocrx_word' id='word_1_168' title='bbox 1094 1338 1198 1378; x_wconf 89' lang='lat' dir='ltr'>gregis</span> <span class='ocrx_word' id='word_1_169' title='bbox 1221 1345 1342 1369; x_wconf 88' lang='lat' dir='ltr'>memor</span> <span class='ocrx_word' id='word_1_170' title='bbox 1368 1339 1442 1378; x_wconf 82' lang='lat' dir='ltr'>esto,</span> 
     </span>
     <span class='ocr_line' id='line_1_49' title="bbox 942 1382 1416 1420; baseline -0.008 -1"><span class='ocrx_word' id='word_1_171' title='bbox 942 1386 1067 1420; x_wconf 85' lang='lat' dir='ltr'>Sanctis</span> <span class='ocrx_word' id='word_1_172' title='bbox 1091 1394 1149 1418; x_wconf 89' lang='lat' dir='ltr'>nos</span> <span class='ocrx_word' id='word_1_173' title='bbox 1172 1385 1206 1416; x_wconf 91' lang='lat' dir='ltr'>in</span> <span class='ocrx_word' id='word_1_174' title='bbox 1232 1385 1310 1416; x_wconf 90' lang='lat' dir='ltr'>coeli</span> <span class='ocrx_word' id='word_1_175' title='bbox 1334 1382 1416 1415; x_wconf 88' lang='lat' dir='ltr'>festo</span> 
     </span>
     <span class='ocr_line' id='line_1_50' title="bbox 989 1431 1363 1474; baseline -0.005 -7"><span class='ocrx_word' id='word_1_176' title='bbox 989 1434 1094 1474; x_wconf 81' lang='lat' dir='ltr'>Junge</span> <span class='ocrx_word' id='word_1_177' title='bbox 1117 1433 1180 1464; x_wconf 88' lang='lat' dir='ltr'>tuis</span> <span class='ocrx_word' id='word_1_178' title='bbox 1205 1431 1363 1472; x_wconf 75' lang='lat' dir='ltr'>precibus,</span> 
     </span>
    </p>
   </div>
   <div class='ocr_carea' id='block_1_19' title="bbox 138 1497 1457 1578">
    <p class='ocr_par' dir='ltr' id='par_1_19' title="bbox 138 1497 1457 1578">
     <span class='ocr_line' id='line_1_51' title="bbox 222 1497 1457 1538; baseline -0.009 -5"><span class='ocrx_word' id='word_1_179' title='bbox 222 1505 309 1533; x_wconf 85' lang='lat' dir='ltr'>Grad.</span> <span class='ocrx_word' id='word_1_180' title='bbox 330 1512 383 1531; x_wconf 81' lang='lat' dir='ltr'>ms.</span> <span class='ocrx_word' id='word_1_181' title='bbox 404 1503 565 1531; x_wconf 75' lang='lat' dir='ltr'>Sanctense</span> <span class='ocrx_word' id='word_1_182' title='bbox 581 1511 604 1530; x_wconf 77' lang='lat'>3.</span> <span class='ocrx_word' id='word_1_183' title='bbox 620 1504 694 1538; x_wconf 83' lang='lat' dir='ltr'>sign.</span> <span class='ocrx_word' id='word_1_184' title='bbox 713 1510 787 1530; x_wconf 86' lang='lat' dir='ltr'>saec.</span> <span class='ocrx_word' id='word_1_185' title='bbox 807 1500 851 1529; x_wconf 86' lang='lat'>15.</span> <span class='ocrx_word' id='word_1_186' title='bbox 872 1515 901 1520; x_wconf 91' lang='lat'><strong>—</strong></span> <span class='ocrx_word' id='word_1_187' title='bbox 924 1501 1007 1528; x_wconf 83' lang='lat' dir='ltr'>MeL:</span> <span class='ocrx_word' id='word_1_188' title='bbox 1030 1498 1254 1535; x_wconf 79' lang='lat' dir='ltr'>congaudentes</span> <span class='ocrx_word' id='word_1_189' title='bbox 1272 1497 1457 1529; x_wconf 81' lang='lat' dir='ltr'>exsultemus,</span> 
     </span>
     <span class='ocr_line' id='line_1_52' title="bbox 138 1538 1033 1578; baseline -0.007 -7"><span class='ocrx_word' id='word_1_190' title='bbox 138 1543 246 1578; x_wconf 77' lang='lat' dir='ltr'>jedoch</span> <span class='ocrx_word' id='word_1_191' title='bbox 266 1544 319 1570; x_wconf 87' lang='lat' dir='ltr'>mit</span> <span class='ocrx_word' id='word_1_192' title='bbox 338 1543 355 1570; x_wconf 90' lang='lat' dir='ltr'>b</span> <span class='ocrx_word' id='word_1_193' title='bbox 367 1541 540 1570; x_wconf 63' lang='lat' dir='ltr'>{deutenden</span> <span class='ocrx_word' id='word_1_194' title='bbox 560 1540 799 1576; x_wconf 85' lang='lat' dir='ltr'>Abweichungen</span> <span class='ocrx_word' id='word_1_195' title='bbox 819 1548 866 1567; x_wconf 89' lang='lat' dir='ltr'>am</span> <span class='ocrx_word' id='word_1_196' title='bbox 887 1538 1033 1566; x_wconf 84' lang='lat' dir='ltr'>Schlusse.</span> 
     </span>
    </p>
   </div>
   <div class='ocr_carea' id='block_1_20' title="bbox 571 1620 1035 1662">
    <p class='ocr_par' dir='ltr' id='par_1_20' title="bbox 571 1620 1035 1662">
     <span class='ocr_line' id='line_1_53' title="bbox 571 1620 1035 1662; baseline -0.004 -9"><span class='ocrx_word' id='word_1_197' title='bbox 571 1622 628 1654; x_wconf 83' lang='lat'>141.</span> <span class='ocrx_word' id='word_1_198' title='bbox 658 1621 702 1653; x_wconf 87' lang='lat' dir='ltr'>De</span> <span class='ocrx_word' id='word_1_199' title='bbox 723 1623 830 1653; x_wconf 83' lang='lat' dir='ltr'>sancto</span> <span class='ocrx_word' id='word_1_200' title='bbox 850 1620 1035 1662; x_wconf 87' lang='lat' dir='ltr'>Augustino.</span> 
     </span>
    </p>
   </div>
   <div class='ocr_carea' id='block_1_21' title="bbox 150 1679 1397 1819">
    <p class='ocr_par' dir='ltr' id='par_1_21' title="bbox 150 1679 1397 1819">
     <span class='ocr_line' id='line_1_54' title="bbox 150 1679 1397 1726; baseline -0.007 -7"><span class='ocrx_word' id='word_1_201' title='bbox 150 1688 207 1720; x_wconf 86' lang='lat' dir='ltr'>la.</span> <span class='ocrx_word' id='word_1_202' title='bbox 234 1686 406 1726; x_wconf 83' lang='lat' dir='ltr'>Augustini</span> <span class='ocrx_word' id='word_1_203' title='bbox 432 1683 624 1717; x_wconf 84' lang='lat' dir='ltr'>confessoris</span> <span class='ocrx_word' id='word_1_204' title='bbox 837 1683 896 1717; x_wconf 79' lang='lat' dir='ltr'>lb.</span> <span class='ocrx_word' id='word_1_205' title='bbox 917 1682 1030 1714; x_wconf 90' lang='lat' dir='ltr'>Laude</span> <span class='ocrx_word' id='word_1_206' title='bbox 1057 1681 1171 1722; x_wconf 88' lang='lat' dir='ltr'>dignus</span> <span class='ocrx_word' id='word_1_207' title='bbox 1197 1683 1246 1712; x_wconf 89' lang='lat' dir='ltr'>est</span> <span class='ocrx_word' id='word_1_208' title='bbox 1268 1679 1397 1720; x_wconf 81' lang='lat' dir='ltr'>ingenti,</span> 
     </span>
     <span class='ocr_line' id='line_1_55' title="bbox 232 1727 1392 1769; baseline -0.006 -4"><span class='ocrx_word' id='word_1_209' title='bbox 232 1733 282 1766; x_wconf 88' lang='lat' dir='ltr'>Sit</span> <span class='ocrx_word' id='word_1_210' title='bbox 301 1734 335 1765; x_wconf 91' lang='lat' dir='ltr'>in</span> <span class='ocrx_word' id='word_1_211' title='bbox 362 1733 482 1765; x_wconf 88' lang='lat' dir='ltr'>cunctis</span> <span class='ocrx_word' id='word_1_212' title='bbox 508 1731 586 1763; x_wconf 88' lang='lat' dir='ltr'>cleri</span> <span class='ocrx_word' id='word_1_213' title='bbox 612 1731 716 1763; x_wconf 90' lang='lat' dir='ltr'>choris</span> <span class='ocrx_word' id='word_1_214' title='bbox 921 1730 1018 1769; x_wconf 82' lang='lat' dir='ltr'>Quem</span> <span class='ocrx_word' id='word_1_215' title='bbox 1042 1729 1189 1761; x_wconf 87' lang='lat' dir='ltr'>coelestis</span> <span class='ocrx_word' id='word_1_216' title='bbox 1213 1727 1392 1759; x_wconf 83' lang='lat' dir='ltr'>testamenti</span> 
     </span>
     <span class='ocr_line' id='line_1_56' title="bbox 278 1775 1343 1819; baseline -0.007 -6"><span class='ocrx_word' id='word_1_217' title='bbox 278 1781 452 1814; x_wconf 84' lang='lat' dir='ltr'>Praeclara</span> <span class='ocrx_word' id='word_1_218' title='bbox 476 1779 671 1819; x_wconf 87' lang='lat' dir='ltr'>solemnitas,</span> <span class='ocrx_word' id='word_1_219' title='bbox 967 1777 1127 1810; x_wconf 87' lang='lat' dir='ltr'>Sublimat</span> <span class='ocrx_word' id='word_1_220' title='bbox 1149 1775 1343 1808; x_wconf 88' lang='lat' dir='ltr'>haereditas.</span> 
     </span>
    </p>
   </div>
   <div class='ocr_carea' id='block_1_22' title="bbox 148 1831 1400 1925">
    <p class='ocr_par' dir='ltr' id='par_1_22' title="bbox 148 1831 1400 1925">
     <span class='ocr_line' id='line_1_57' title="bbox 148 1831 1400 1876; baseline -0.006 -5"><span class='ocrx_word' id='word_1_221' title='bbox 148 1841 204 1872; x_wconf 83' lang='lat' dir='ltr'>2a.</span> <span class='ocrx_word' id='word_1_222' title='bbox 233 1839 355 1871; x_wconf 85' lang='lat' dir='ltr'>Nomen</span> <span class='ocrx_word' id='word_1_223' title='bbox 379 1838 501 1870; x_wconf 90' lang='lat' dir='ltr'>habens</span> <span class='ocrx_word' id='word_1_224' title='bbox 527 1837 567 1868; x_wconf 89' lang='lat' dir='ltr'>ab</span> <span class='ocrx_word' id='word_1_225' title='bbox 593 1839 760 1876; x_wconf 86' lang='lat' dir='ltr'>augmento</span> <span class='ocrx_word' id='word_1_226' title='bbox 835 1834 893 1867; x_wconf 86' lang='lat' dir='ltr'>2b.</span> <span class='ocrx_word' id='word_1_227' title='bbox 916 1834 989 1866; x_wconf 81' lang='lat' dir='ltr'>Non</span> <span class='ocrx_word' id='word_1_228' title='bbox 1014 1835 1163 1866; x_wconf 87' lang='lat' dir='ltr'>inventus</span> <span class='ocrx_word' id='word_1_229' title='bbox 1189 1836 1236 1865; x_wconf 85' lang='lat' dir='ltr'>est</span> <span class='ocrx_word' id='word_1_230' title='bbox 1260 1831 1400 1872; x_wconf 88' lang='lat' dir='ltr'>aequalis</span> 
     </span>
     <span class='ocr_line' id='line_1_58' title="bbox 232 1880 1356 1925; baseline -0.006 -7"><span class='ocrx_word' id='word_1_231' title='bbox 232 1887 314 1918; x_wconf 83' lang='lat' dir='ltr'>Vino</span> <span class='ocrx_word' id='word_1_232' title='bbox 338 1886 445 1925; x_wconf 88' lang='lat' dir='ltr'>replet</span> <span class='ocrx_word' id='word_1_233' title='bbox 469 1887 498 1916; x_wconf 92' lang='lat' dir='ltr'>et</span> <span class='ocrx_word' id='word_1_234' title='bbox 525 1883 683 1916; x_wconf 88' lang='lat' dir='ltr'>frumento</span> <span class='ocrx_word' id='word_1_235' title='bbox 921 1883 974 1915; x_wconf 88' lang='lat' dir='ltr'>Ad</span> <span class='ocrx_word' id='word_1_236' title='bbox 1001 1882 1178 1922; x_wconf 85' lang='lat' dir='ltr'>augendam</span> <span class='ocrx_word' id='word_1_237' title='bbox 1201 1880 1356 1921; x_wconf 84' lang='lat' dir='ltr'>spiritalis</span> 
     </span>
    </p>
   </div>
   <div class='ocr_carea' id='block_1_23' title="bbox 151 1992 210 2024">
    <p class='ocr_par' dir='ltr' id='par_1_23' title="bbox 151 1992 210 2024">
     <span class='ocr_line' id='line_1_59' title="bbox 151 1992 210 2024; baseline -0.068 0"><span class='ocrx_word' id='word_1_238' title='bbox 151 1992 210 2024; x_wconf 73' lang='lat' dir='ltr'>Sa.</span> 
     </span>
    </p>
   </div>
   <div class='ocr_carea' id='block_1_24' title="bbox 151 2141 209 2172">
    <p class='ocr_par' dir='ltr' id='par_1_24' title="bbox 151 2141 209 2172">
     <span class='ocr_line' id='line_1_60' title="bbox 151 2141 209 2172; baseline 0 0"><span class='ocrx_word' id='word_1_239' title='bbox 151 2141 209 2172; x_wconf 85' lang='lat' dir='ltr'>4a.</span> 
     </span>
    </p>
   </div>
   <div class='ocr_carea' id='block_1_25' title="bbox 154 2291 211 2323">
    <p class='ocr_par' dir='ltr' id='par_1_25' title="bbox 154 2291 211 2323">
     <span class='ocr_line' id='line_1_61' title="bbox 154 2291 211 2323; baseline 0 -1"><span class='ocrx_word' id='word_1_240' title='bbox 154 2291 211 2323; x_wconf 85' lang='lat' dir='ltr'>5a.</span> 
     </span>
    </p>
   </div>
   <div class='ocr_carea' id='block_1_26' title="bbox 237 1931 776 2029">
    <p class='ocr_par' dir='ltr' id='par_1_26' title="bbox 237 1931 776 2029">
     <span class='ocr_line' id='line_1_62' title="bbox 278 1931 597 1971; baseline -0.009 -6"><span class='ocrx_word' id='word_1_241' title='bbox 278 1933 408 1965; x_wconf 87' lang='lat' dir='ltr'>Domini</span> <span class='ocrx_word' id='word_1_242' title='bbox 433 1931 597 1971; x_wconf 86' lang='lat' dir='ltr'>familiam,</span> 
     </span>
     <span class='ocr_line' id='line_1_63' title="bbox 237 1988 776 2029; baseline -0.006 -8"><span class='ocrx_word' id='word_1_243' title='bbox 237 1990 261 2022; x_wconf 94' lang='lat' dir='ltr'>O</span> <span class='ocrx_word' id='word_1_244' title='bbox 289 1998 382 2029; x_wconf 80' lang='lat' dir='ltr'>quam</span> <span class='ocrx_word' id='word_1_245' title='bbox 405 1988 533 2028; x_wconf 85' lang='lat' dir='ltr'>dignum</span> <span class='ocrx_word' id='word_1_246' title='bbox 550 1988 647 2020; x_wconf 87' lang='lat' dir='ltr'>laude</span> <span class='ocrx_word' id='word_1_247' title='bbox 663 1988 776 2024; x_wconf 81' lang='lat' dir='ltr'>virum,</span> 
     </span>
    </p>
   </div>
   <div class='ocr_carea' id='block_1_27' title="bbox 234 2029 828 2076">
    <p class='ocr_par' dir='ltr' id='par_1_27' title="bbox 234 2029 828 2076">
     <span class='ocr_line' id='line_1_64' title="bbox 234 2029 828 2076; baseline -0.005 -8"><span class='ocrx_word' id='word_1_248' title='bbox 234 2036 293 2076; x_wconf 84' lang='lat' dir='ltr'>Qui</span> <span class='ocrx_word' id='word_1_249' title='bbox 318 2038 486 2074; x_wconf 88' lang='lat' dir='ltr'>conseptus</span> <span class='ocrx_word' id='word_1_250' title='bbox 512 2037 561 2066; x_wconf 90' lang='lat' dir='ltr'>est</span> <span class='ocrx_word' id='word_1_251' title='bbox 585 2043 644 2074; x_wconf 88' lang='lat' dir='ltr'>per</span> <span class='ocrx_word' id='word_1_252' title='bbox 664 2043 776 2074; x_wconf 85' lang='lat' dir='ltr'>gyrum</span> <span class='ocrx_word' id='word_1_253' title='bbox 816 2029 828 2035; x_wconf 76' lang='grc'><em>“</em></span> 
     </span>
    </p>
   </div>
   <div class='ocr_carea' id='block_1_28' title="bbox 281 2081 599 2121">
    <p class='ocr_par' dir='ltr' id='par_1_28' title="bbox 281 2081 599 2121">
     <span class='ocr_line' id='line_1_65' title="bbox 281 2081 599 2121; baseline -0.009 -6"><span class='ocrx_word' id='word_1_254' title='bbox 281 2083 364 2115; x_wconf 84' lang='lat' dir='ltr'>Auri</span> <span class='ocrx_word' id='word_1_255' title='bbox 387 2081 599 2121; x_wconf 78' lang='lat' dir='ltr'>tintinabulis,</span> 
     </span>
    </p>
   </div>
   <div class='ocr_carea' id='block_1_29' title="bbox 234 2138 756 2422">
    <p class='ocr_par' dir='ltr' id='par_1_29' title="bbox 234 2138 595 2180">
     <span class='ocr_line' id='line_1_66' title="bbox 234 2138 595 2180; baseline -0.006 -9"><span class='ocrx_word' id='word_1_256' title='bbox 234 2139 314 2180; x_wconf 85' lang='lat' dir='ltr'>Ejus</span> <span class='ocrx_word' id='word_1_257' title='bbox 340 2148 422 2179; x_wconf 90' lang='lat' dir='ltr'>aqua</span> <span class='ocrx_word' id='word_1_258' title='bbox 446 2138 595 2170; x_wconf 89' lang='lat' dir='ltr'>salutaris</span> 
     </span>
    </p>

    <p class='ocr_par' dir='ltr' id='par_1_30' title="bbox 235 2184 756 2271">
     <span class='ocr_line' id='line_1_67' title="bbox 235 2184 756 2226; baseline -0.008 -8"><span class='ocrx_word' id='word_1_259' title='bbox 235 2186 355 2226; x_wconf 85' lang='lat' dir='ltr'>Stagna</span> <span class='ocrx_word' id='word_1_260' title='bbox 376 2187 509 2217; x_wconf 87' lang='lat' dir='ltr'>manant</span> <span class='ocrx_word' id='word_1_261' title='bbox 531 2185 634 2216; x_wconf 89' lang='lat' dir='ltr'>instar</span> <span class='ocrx_word' id='word_1_262' title='bbox 658 2184 756 2215; x_wconf 88' lang='lat' dir='ltr'>maris</span> 
     </span>
     <span class='ocr_line' id='line_1_68' title="bbox 281 2232 620 2271; baseline -0.006 -6"><span class='ocrx_word' id='word_1_263' title='bbox 281 2233 335 2265; x_wconf 86' lang='lat' dir='ltr'>Ex</span> <span class='ocrx_word' id='word_1_264' title='bbox 360 2233 497 2264; x_wconf 90' lang='lat' dir='ltr'>cisterna</span> <span class='ocrx_word' id='word_1_265' title='bbox 521 2232 620 2271; x_wconf 88' lang='lat' dir='ltr'>putei,</span> 
     </span>
    </p>

    <p class='ocr_par' dir='ltr' id='par_1_31' title="bbox 236 2288 664 2330">
     <span class='ocr_line' id='line_1_69' title="bbox 236 2288 664 2330; baseline -0.005 -9"><span class='ocrx_word' id='word_1_266' title='bbox 236 2289 334 2330; x_wconf 87' lang='lat' dir='ltr'>Ergo,</span> <span class='ocrx_word' id='word_1_267' title='bbox 359 2291 452 2328; x_wconf 88' lang='lat' dir='ltr'>pater</span> <span class='ocrx_word' id='word_1_268' title='bbox 475 2288 664 2328; x_wconf 85' lang='lat' dir='ltr'>Augustine‚</span> 
     </span>
    </p>

    <p class='ocr_par' dir='ltr' id='par_1_32' title="bbox 237 2334 707 2422">
     <span class='ocr_line' id='line_1_70' title="bbox 237 2334 707 2374; baseline -0.004 -7"><span class='ocrx_word' id='word_1_269' title='bbox 237 2336 325 2367; x_wconf 84' lang='lat' dir='ltr'>Tuae</span> <span class='ocrx_word' id='word_1_270' title='bbox 348 2344 492 2367; x_wconf 84' lang='lat' dir='ltr'>normam</span> <span class='ocrx_word' id='word_1_271' title='bbox 518 2334 707 2374; x_wconf 90' lang='lat' dir='ltr'>disciplinae</span> 
     </span>
     <span class='ocr_line' id='line_1_71' title="bbox 285 2381 669 2422; baseline -0.005 -8"><span class='ocrx_word' id='word_1_272' title='bbox 285 2382 458 2422; x_wconf 88' lang='lat' dir='ltr'>Sequentes</span> <span class='ocrx_word' id='word_1_273' title='bbox 482 2381 669 2413; x_wconf 87' lang='lat' dir='ltr'>vernaculos</span> 
     </span>
    </p>
   </div>
   <div class='ocr_carea' id='block_1_30' title="bbox 965 1929 1278 1968">
    <p class='ocr_par' dir='ltr' id='par_1_33' title="bbox 965 1929 1278 1968">
     <span class='ocr_line' id='line_1_72' title="bbox 965 1929 1278 1968; baseline 0 -6"><span class='ocrx_word' id='word_1_274' title='bbox 965 1930 1070 1962; x_wconf 81' lang='lat' dir='ltr'>Mutui</span> <span class='ocrx_word' id='word_1_275' title='bbox 1099 1929 1278 1968; x_wconf 85' lang='lat' dir='ltr'>pecuniam.</span> 
     </span>
    </p>
   </div>
   <div class='ocr_carea' id='block_1_31' title="bbox 837 1984 1379 2065">
    <p class='ocr_par' dir='ltr' id='par_1_34' title="bbox 837 1984 1379 2065">
     <span class='ocr_line' id='line_1_73' title="bbox 837 1984 1339 2019; baseline -0.008 0"><span class='ocrx_word' id='word_1_276' title='bbox 837 1986 895 2019; x_wconf 86' lang='lat' dir='ltr'>3b.</span> <span class='ocrx_word' id='word_1_277' title='bbox 918 1985 965 2018; x_wconf 82' lang='lat' dir='ltr'>Ut</span> <span class='ocrx_word' id='word_1_278' title='bbox 988 1994 1102 2017; x_wconf 83' lang='lat' dir='ltr'>sonora</span> <span class='ocrx_word' id='word_1_279' title='bbox 1127 1995 1189 2018; x_wconf 83' lang='lat' dir='ltr'>vox</span> <span class='ocrx_word' id='word_1_280' title='bbox 1215 1984 1339 2018; x_wconf 86' lang='lat' dir='ltr'>decoris</span> 
     </span>
     <span class='ocr_line' id='line_1_74' title="bbox 919 2030 1379 2065; baseline 0 -2"><span class='ocrx_word' id='word_1_281' title='bbox 919 2032 1096 2064; x_wconf 87' lang='lat' dir='ltr'>Audiretur</span> <span class='ocrx_word' id='word_1_282' title='bbox 1120 2042 1184 2065; x_wconf 91' lang='lat' dir='ltr'>non</span> <span class='ocrx_word' id='word_1_283' title='bbox 1208 2036 1276 2065; x_wconf 89' lang='lat' dir='ltr'>tam</span> <span class='ocrx_word' id='word_1_284' title='bbox 1301 2030 1379 2063; x_wconf 87' lang='lat' dir='ltr'>foris</span> 
     </span>
    </p>
   </div>
   <div class='ocr_carea' id='block_1_32' title="bbox 967 2079 1400 2120">
    <p class='ocr_par' dir='ltr' id='par_1_35' title="bbox 967 2079 1400 2120">
     <span class='ocr_line' id='line_1_75' title="bbox 967 2079 1400 2120; baseline 0 -10"><span class='ocrx_word' id='word_1_285' title='bbox 967 2080 1067 2118; x_wconf 75' lang='lat' dir='ltr'>Quam</span> <span class='ocrx_word' id='word_1_286' title='bbox 1091 2080 1178 2112; x_wconf 90' lang='lat' dir='ltr'>intus</span> <span class='ocrx_word' id='word_1_287' title='bbox 1202 2081 1237 2112; x_wconf 91' lang='lat' dir='ltr'>in</span> <span class='ocrx_word' id='word_1_288' title='bbox 1262 2079 1400 2120; x_wconf 83' lang='lat' dir='ltr'>populis.</span> 
     </span>
    </p>
   </div>
   <div class='ocr_carea' id='block_1_33' title="bbox 837 2136 1419 2216">
    <p class='ocr_par' dir='ltr' id='par_1_36' title="bbox 837 2136 1419 2216">
     <span class='ocr_line' id='line_1_76' title="bbox 837 2136 1356 2176; baseline -0.002 -7"><span class='ocrx_word' id='word_1_289' title='bbox 837 2136 895 2169; x_wconf 86' lang='lat' dir='ltr'>4b.</span> <span class='ocrx_word' id='word_1_290' title='bbox 919 2136 982 2167; x_wconf 91' lang='lat' dir='ltr'>Per</span> <span class='ocrx_word' id='word_1_291' title='bbox 1002 2143 1175 2176; x_wconf 88' lang='lat' dir='ltr'>sermones,</span> <span class='ocrx_word' id='word_1_292' title='bbox 1201 2137 1356 2169; x_wconf 87' lang='lat' dir='ltr'>homelias</span> 
     </span>
     <span class='ocr_line' id='line_1_77' title="bbox 922 2183 1419 2216; baseline -0.002 0"><span class='ocrx_word' id='word_1_293' title='bbox 922 2183 1180 2216; x_wconf 87' lang='lat' dir='ltr'>Commentorum</span> <span class='ocrx_word' id='word_1_294' title='bbox 1202 2193 1326 2216; x_wconf 90' lang='lat' dir='ltr'>morum</span> <span class='ocrx_word' id='word_1_295' title='bbox 1350 2184 1419 2216; x_wconf 86' lang='lat' dir='ltr'>vias</span> 
     </span>
    </p>
   </div>
   <div class='ocr_carea' id='block_1_34' title="bbox 967 2230 1317 2270">
    <p class='ocr_par' dir='ltr' id='par_1_37' title="bbox 967 2230 1317 2270">
     <span class='ocr_line' id='line_1_78' title="bbox 967 2230 1317 2270; baseline 0.006 -8"><span class='ocrx_word' id='word_1_296' title='bbox 967 2231 1149 2270; x_wconf 84' lang='lat' dir='ltr'>Praeparat</span> <span class='ocrx_word' id='word_1_297' title='bbox 1173 2234 1206 2262; x_wconf 90' lang='lat' dir='ltr'>et</span> <span class='ocrx_word' id='word_1_298' title='bbox 1229 2230 1317 2265; x_wconf 88' lang='lat' dir='ltr'>fidei.</span> 
     </span>
    </p>
   </div>
   <div class='ocr_carea' id='block_1_35' title="bbox 841 2285 1458 2373">
    <p class='ocr_par' dir='ltr' id='par_1_38' title="bbox 841 2285 1458 2373">
     <span class='ocr_line' id='line_1_79' title="bbox 841 2285 1399 2326; baseline 0.004 -8"><span class='ocrx_word' id='word_1_299' title='bbox 841 2285 899 2318; x_wconf 88' lang='lat' dir='ltr'>5b.</span> <span class='ocrx_word' id='word_1_300' title='bbox 923 2285 1006 2318; x_wconf 86' lang='lat' dir='ltr'>Juva</span> <span class='ocrx_word' id='word_1_301' title='bbox 1030 2295 1166 2326; x_wconf 85' lang='lat' dir='ltr'>semper,</span> <span class='ocrx_word' id='word_1_302' title='bbox 1195 2289 1232 2317; x_wconf 88' lang='lat' dir='ltr'>ut</span> <span class='ocrx_word' id='word_1_303' title='bbox 1255 2296 1399 2320; x_wconf 83' lang='lat' dir='ltr'>seramus</span> 
     </span>
     <span class='ocr_line' id='line_1_80' title="bbox 922 2333 1458 2373; baseline 0.007 -9"><span class='ocrx_word' id='word_1_304' title='bbox 922 2333 987 2364; x_wconf 91' lang='lat' dir='ltr'>Hic</span> <span class='ocrx_word' id='word_1_305' title='bbox 1006 2333 1040 2364; x_wconf 88' lang='lat' dir='ltr'>in</span> <span class='ocrx_word' id='word_1_306' title='bbox 1067 2334 1172 2373; x_wconf 86' lang='lat' dir='ltr'>terris,</span> <span class='ocrx_word' id='word_1_307' title='bbox 1199 2342 1277 2372; x_wconf 87' lang='lat' dir='ltr'>quos</span> <span class='ocrx_word' id='word_1_308' title='bbox 1302 2339 1458 2368; x_wconf 83' lang='lat' dir='ltr'>metamus</span> 
     </span>
    </p>
   </div>
   <div class='ocr_carea' id='block_1_36' title="bbox 969 2381 1360 2420">
    <p class='ocr_par' dir='ltr' id='par_1_39' title="bbox 969 2381 1360 2420">
     <span class='ocr_line' id='line_1_81' title="bbox 969 2381 1360 2420; baseline 0.005 -8"><span class='ocrx_word' id='word_1_309' title='bbox 969 2381 1009 2412; x_wconf 90' lang='lat' dir='ltr'>In</span> <span class='ocrx_word' id='word_1_310' title='bbox 1036 2381 1142 2418; x_wconf 89' lang='lat' dir='ltr'>coelis,</span> <span class='ocrx_word' id='word_1_311' title='bbox 1168 2381 1360 2420; x_wconf 85' lang='lat' dir='ltr'>manipulos.</span> 
     </span>
    </p>
   </div>
   <div class='ocr_carea' id='block_1_37' title="bbox 231 2442 1320 2480">
    <p class='ocr_par' dir='ltr' id='par_1_40' title="bbox 231 2442 1320 2480">
     <span class='ocr_line' id='line_1_82' title="bbox 231 2442 1320 2480; baseline -0.002 -5"><span class='ocrx_word' id='word_1_312' title='bbox 231 2447 300 2476; x_wconf 79' lang='lat' dir='ltr'>Cod.</span> <span class='ocrx_word' id='word_1_313' title='bbox 321 2447 417 2474; x_wconf 86' lang='lat' dir='ltr'>Palat.</span> <span class='ocrx_word' id='word_1_314' title='bbox 438 2445 566 2474; x_wconf 68' lang='lat' dir='ltr'>Vindob.</span> <span class='ocrx_word' id='word_1_315' title='bbox 588 2443 673 2473; x_wconf 82' lang='lat'>3301.</span> <span class='ocrx_word' id='word_1_316' title='bbox 694 2453 771 2472; x_wconf 81' lang='lat' dir='ltr'>saec.</span> <span class='ocrx_word' id='word_1_317' title='bbox 793 2442 839 2472; x_wconf 84' lang='lat'>16.</span> <span class='ocrx_word' id='word_1_318' title='bbox 878 2444 973 2472; x_wconf 85' lang='lat' dir='ltr'>Unter</span> <span class='ocrx_word' id='word_1_319' title='bbox 993 2445 1121 2471; x_wconf 84' lang='lat' dir='ltr'>anderen</span> <span class='ocrx_word' id='word_1_320' title='bbox 1141 2444 1320 2480; x_wconf 79' lang='lat' dir='ltr'>Sequenzen.</span> 
     </span>
    </p>
   </div>
  </div>
 </body>
</html>
