1653 2632
159 227 219 259 4a.
246 227 311 261 Sed
338 230 496 272 despectis

290 280 457 317 promissis
482 284 636 327 omnibus⁷

241 323 346 357 Nudis
371 328 500 366 plumbo

287 372 427 412 perfusis
452 377 598 422 pedibus,

236 418 448 455 Devorandus

285 467 434 502 nefandis
461 472 590 505 canibus

332 516 522 550 Exhibetur.

155 576 212 608 Sa.
238 575 321 609 Bina
345 577 408 612 fuit

285 625 450 664 perfossus
475 628 595 671 lancea,

238 671 342 711 Caput
365 674 457 714 virga

281 728 467 758 percussum
491 721 607 762 ferrea,

232 765 283 798 Ex
310 775 371 807 quo
396 770 552 808 quaedam

280 814 427 847 columba
448 817 541 849 nivea

327 862 501 896 Prosilivit.

783 144 851 180 125
899 166 946 170 —

847 242 905 275 41).
928 243 1107 284 Digitorum

976 292 1034 324 sub
1062 293 1151 326 denis
1175 295 1330 335 unguibus

928 338 1159 380 Contorquetur

972 386 1080 426 ignitis
1106 389 1247 429 sudibuS,

926 433 990 465 Sed
1014 443 1210 475 nequaquam

966 481 1070 520 Justus
1095 492 1154 522 pro
1178 483 1296 516 talibus

1020 528 1248 563 Commovetur.

841 587 898 621 5b.
921 588 974 621 Sic
997 589 1188 624 frumentum

969 637 1101 677 depulsa
1124 640 1218 679 palea

920 684 1067 717 Paradisi

966 730 1069 764 fertur
1092 733 1125 765 in
1147 734 1270 778 horrea,

916 778 1023 819 Atque
1048 780 1143 813 ducat

963 835 1020 858 nos
1045 828 1114 867 ipse
1138 833 1259 869 postea,

1013 873 1091 906 Cum
1116 884 1176 915 quo
1201 878 1288 909 vivit.

222 945 305 974 Miss.
326 955 381 975 mu.
403 947 431 976 S.
452 949 594 986 Stephani
613 952 786 982 Divionens.
812 964 887 984 saec.
911 956 955 985 15.
977 958 1045 986 eod.
1064 960 1223 989 Parisiens.
1245 960 1309 990 879.
1331 978 1366 982 —
1387 964 1456 993 Mel.

141 982 313 1017 jedenfalls:
340 984 499 1023 Conceptio
520 989 634 1017 Mariae
653 991 795 1027 Virginis.
817 1009 855 1014 —
875 992 927 1029 212,
951 994 965 1023 1
989 996 1083 1027 Nunc.
1104 997 1154 1033 5a,
1175 997 1193 1026 3
1213 999 1260 1027 Ex
1279 1000 1359 1029 fehlt.

558 1118 617 1150 162.
654 1120 698 1151 De
718 1122 825 1153 sancto
846 1122 1041 1157 Berchtoldo.

142 1203 198 1237 la.
224 1205 317 1245 Auge
340 1206 447 1246 fidem,
472 1208 563 1247 plebs
587 1209 711 1250 devota,

225 1251 338 1284 Gaude
362 1254 455 1285 simul
479 1258 586 1287 mente
607 1259 682 1300 tota,

269 1299 349 1332 Voci
369 1301 505 1343 ¹jungens
530 1311 637 1344 opera,

137 1360 194 1392 2a.
220 1360 392 1393 Beatorum
416 1363 503 1395 intra
526 1362 630 1395 forum

216 1408 330 1440 Laude
357 1409 452 1450 digna
475 1411 565 1451 reple
588 1412 725 1455 thorum,

264 1456 350 1488 Vera
374 1456 450 1489 Sion
474 1457 552 1499 filia,

132 1517 189 1549 3a.
217 1516 310 1550 Salus
336 1519 418 1550 enim
444 1521 638 1560 sempiterna

214 1566 287 1599 Jam
306 1566 535 1600 Berchtoldum
560 1569 602 1601 ad
622 1579 761 1610 superna

261 1613 380 1645 Statuit
403 1616 564 1659 memoria,

129 1675 184 1706 4a.
211 1674 282 1706 Rex
304 1675 338 1707 in
365 1677 460 1708 coelis
484 1678 589 1710 locum
616 1680 705 1711 dedit

212 1722 322 1755 Justus
348 1723 408 1755 Dei
435 1733 528 1764 quem
551 1726 672 1759 insedit

258 1770 387 1802 Intrans
413 1772 532 1811 absque
556 1775 689 1817 macula,

127 1831 183 1863 5a.
212 1830 237 1863 O
262 1831 391 1863 virtutis
415 1842 549 1873 magnae
573 1833 700 1877 bonum,

208 1877 289 1917 Quia
312 1882 437 1919 patrem
463 1883 495 1912 et
518 1884 685 1921 patronum

256 1926 410 1959 Novimus
435 1928 468 1960 in
493 1929 606 1969 gratia,

123 1988 178 2020 6a.
205 1987 297 2020 Finis
322 1989 433 2021 mundi
458 1991 553 2022 vertit
578 1991 687 2024 horam

206 2034 392 2069 Sanctitatis
417 2038 450 2069 in
475 2047 621 2071 auroram

252 2084 345 2117 Nova
368 2085 427 2116 sub
453 2086 585 2127 laetitia,

120 2147 138 2179 7
146 2155 175 2179 a.
203 2145 299 2187 Spem
325 2147 478 2179 habemus
502 2148 558 2181 illo
586 2149 647 2190 die,

202 2194 227 2227 O
252 2194 456 2236 Berchtolde,
482 2199 576 2236 pater
599 2197 662 2237 pie,

248 2242 318 2275 Tua
342 2243 400 2276 sub
425 2244 619 2286 praesentia,

826 1211 885 1244 1b.
907 1213 1081 1253 Babylonis
1105 1225 1204 1257 regna
1228 1217 1311 1260 fuge,

907 1259 988 1293 Sunt
1011 1262 1044 1294 in
1069 1264 1182 1303 quibus
1212 1263 1313 1297 falsae
1337 1276 1449 1308 nugae⁷

954 1309 1079 1350 Transi,
1110 1319 1210 1352 curre,
1237 1322 1383 1353 propera.

823 1368 881 1400 ab.
902 1370 1007 1402 Aures
1032 1370 1093 1402 Dei
1119 1381 1216 1412 naupra
1241 1375 1345 1406 caelos

903 1417 1038 1449 Pulsans
1064 1428 1181 1451 novum
1204 1429 1309 1461 pange
1332 1423 1431 1455 melos

949 1466 988 1497 In
1014 1469 1195 1498 sanctorum
1219 1469 1316 1501 milia.

820 1524 878 1558 3b.
903 1525 1011 1558 Omnis
1033 1527 1081 1558 rei
1106 1529 1301 1561 conditorem

901 1572 963 1605 Per
988 1574 1115 1606 beatum
1142 1575 1353 1609 confessorem

948 1620 1074 1654 Laudet
1098 1632 1220 1657 summa
1243 1626 1354 1665 gloria.

816 1681 875 1714 4b.
898 1682 1009 1715 Talem
1035 1685 1143 1716 colunt
1164 1686 1207 1728 hi,
1235 1687 1288 1726 qui
1312 1688 1423 1720 volunt

898 1728 1070 1763 Possidere
1092 1732 1177 1764 vitae
1200 1742 1295 1765 verae

945 1778 1041 1810 Clara
1063 1779 1278 1813 tabernacula.

814 1836 871 1870 512.
894 1838 1017 1871 Lumen
1043 1840 1118 1872 solis
1144 1843 1334 1884 expavescit,

894 1885 959 1918 Ubi
984 1887 1077 1919 stella
1106 1897 1202 1928 super
1228 1892 1344 1923 crescit

938 1933 1044 1966 Multa
1069 1936 1149 1968 coeli
1173 1937 1286 1976 spatia.

811 1993 870 2027 6b.
893 1995 976 2027 Vere
1000 1996 1088 2028 Deus
1114 2000 1161 2029 est
1185 1997 1300 2040 fidelis,

892 2043 952 2082 Qui
977 2045 1156 2077 mercedem
1178 2046 1224 2077 sic
1251 2048 1289 2080 de
1315 2050 1411 2082 caelis

937 2090 1038 2124 Fudit
1058 2092 1092 2124 in
1116 2094 1258 2129 servitia.

809 2152 866 2186 7b.
890 2152 1022 2192 Quando
1041 2154 1142 2193 judex
1158 2156 1267 2189 orbem
1285 2163 1432 2192 cunctum

888 2201 942 2233 Ad
969 2204 1143 2234 extremum
1170 2204 1265 2237 ducet
1279 2212 1432 2247 punctum

934 2249 1065 2289 Duplici
1091 2252 1259 2286 sententia.

191 2318 261 2346 Cod-
286 2319 469 2347 Mellicensis
496 2318 561 2348 617.
587 2328 664 2349 saec.
694 2320 737 2349 15.
762 2323 879 2352 Daraus
906 2324 954 2352 hei
979 2325 1018 2353 H.
1038 2324 1097 2352 Pez
1117 2326 1235 2364 Seriptt.
1256 2338 1310 2358 rer.
1331 2331 1428 2360 Austr.

110 2356 150 2384 11.
171 2365 199 2392 p.
221 2355 277 2386 136
298 2366 341 2394 sq.
367 2357 427 2386 und
451 2358 565 2386 danaeh
583 2359 659 2388 Acta
679 2359 730 2388 SS.
750 2361 827 2389 Julii
847 2362 889 2390 VI
910 2360 973 2391 470.
