1653 2632
711 126 973 161 —223—

610 235 678 267 300.
718 236 762 268 Dc
782 237 888 269 saneto
906 238 1074 270 matthaeo.

186 311 243 344 la.
269 311 368 344 Fides
396 316 551 346 monstret
584 323 716 356 regnum
738 315 810 356 Dei,
870 315 931 351 ib.
952 317 1017 349 Dat
1039 326 1184 350 accessus
1209 328 1319 351 ausum
1348 328 1402 351 reo

265 358 372 392 Ducat.
394 370 478 402 spes,
505 362 684 402 adstringat
709 363 738 394 ei
953 365 1073 405 Culpae
1096 367 1253 406 quondam
1277 367 1311 397 in
1331 366 1496 399 Matthaeo

311 406 379 439 Nos
403 408 548 449 perfecta
573 410 697 442 caritas.
1000 412 1090 444 Nihil
1116 413 1238 446 distans
1262 414 1395 453 paritas.

183 463 239 495 2a.
267 462 331 495 Hic
354 465 429 496 dum
441 466 488 497 nil
514 466 649 498 coeleste
666 475 809 507 querenS,
869 468 928 501 ab.
951 470 982 501 A
1006 473 1140 501 vocante
1163 480 1236 503 mox
1267 473 1395 502 erectus.

266 511 330 543 Sed
357 520 411 543 cor
437 522 513 545 cura
536 515 644 545 terrae
670 517 789 553 terens,
950 517 989 548 In
1012 518 1191 556 apostolum
1216 519 1334 549 electus

314 558 453 592 Teloneo
476 561 607 601 residet,
998 563 1088 596 Celes
1113 565 1182 597 zelo
1207 565 1379 605 praesidet.

184 614 240 647 3a.
267 616 341 648 Jam
365 619 504 648 mutatus
530 626 569 649 ex
586 617 757 649 nummista
870 619 928 652 31).
953 619 1071 652 Christi
1096 622 1330 661 generationem

265 662 390 694 Primus
414 662 453 695 fit
477 664 681 704 evangelista,
950 668 1099 700 Scribens
1124 669 1271 708 aquilam,
1297 669 1429 710 leonem,

314 710 439 742 Primus
464 712 555 743 testis
579 712 712 752 gratiae,
999 714 1117 747 Bovem
1143 716 1248 755 praeit
1270 715 1364 750 facie.

181 766 239 798 4a.
268 764 346 797 Cum
369 766 525 807 Johanne,
550 767 673 809 Marco,
700 768 788 800 Luca
869 770 929 803 412.
951 771 1034 803 Eum
1060 781 1197 814 passum,
1225 775 1441 812 resurgentem

264 813 358 845 Prior
382 814 482 845 trahit
503 815 537 846 in
560 823 692 847 carruca
948 818 1002 850 llli
1026 819 1178 861 scribunt,
1204 820 1257 851 hic
1280 823 1461 852 nascentem

312 860 357 892 Et
381 862 536 901 quadriga
560 862 698 903 Domini,
995 865 1041 897 Et
1066 865 1258 898 conformem
1282 867 1410 898 homini.

184 917 240 949 5a.
268 916 318 948 Ex
342 917 403 949 hoc
425 917 580 958 figuratur
604 919 706 959 homo,
870 921 926 954 512.
949 923 1021 955 Jam
1049 922 1122 954 dum
1147 923 1233 954 Deus
1259 924 1458 963 humanatur,

266 963 351 997 Hinc
375 965 408 996 in
432 964 513 997 Levi
536 966 673 1005 primum
699 967 790 998 domo
950 968 1064 1000 Mensa
1090 971 1168 1001 coeli
1192 972 1355 1011 saginatur

316 1011 435 1043 Christi
458 1011 496 1044 fit,
521 1014 709 1053 convivium,
997 1017 1188 1049 Acremento
1215 1018 1339 1051 civium.

183 1067 238 1099 6a.
266 1067 417 1108 Magnum
441 1069 570 1108 pietatis
594 1078 690 1109 posse
870 1071 927 1104 6b.
948 1072 1120 1112 Trapezita
1142 1074 1304 1113 vectigalis

264 1114 355 1146 Haec
380 1116 498 1147 excelsi
522 1116 612 1148 dedit
633 1125 727 1148 nosse
949 1118 1076 1159 Scripto
1101 1119 1139 1152 fit
1158 1121 1290 1152 initialis

312 1161 474 1196 Dexterae
495 1164 638 1204 mutatio,
998 1166 1108 1198 Novae
1131 1168 1210 1208 legis
1234 1168 1327 1200 satio.

184 1219 240 1250 7a.
268 1218 334 1250 Nos
358 1219 390 1251 in
415 1229 470 1252 suo
495 1219 601 1252 firmet
626 1221 721 1260 cultu,
869 1221 927 1255 7b.
950 1223 1008 1261 Qui
1036 1223 1110 1255 dum
1135 1224 1275 1255 sterilem
1298 1223 1461 1266 fecundat,

266 1265 365 1305 Quem
390 1267 536 1307 designat
558 1268 651 1300 homo
676 1269 776 1308 vultu,
949 1269 1074 1301 Novum
1098 1273 1321 1303 testamentum
1347 1270 1460 1303 fundat

313 1314 402 1354 Ales,
428 1314 488 1358 leo,
514 1315 651 1354 vitulus3
997 1317 1164 1349 Publicani
1188 1319 1308 1350 titulus.

182 1371 237 1403 8a.
263 1370 331 1402 Iste
356 1369 428 1414 fide,
456 1380 517 1411 qua
546 1374 717 1411 corruscat,
868 1373 927 1407 8b.
952 1373 998 1406 Ob
1024 1374 1118 1414 hunc,
1144 1375 1232 1415 Jesu,
1259 1375 1369 1414 culpas
1394 1378 1467 1406 veta

263 1417 348 1457 Quos
371 1418 443 1457 plus
467 1427 556 1450 mens
590 1427 682 1459 quam
714 1419 808 1458 pellis
951 1420 996 1452 Et
1021 1422 1179 1453 coelorum
1199 1422 1361 1461 locupleta

578 1465 693 1506 fuscat,
997 1468 1097 1508 Copia
1116 1478 1173 1500 nos
1194 1469 1315 1509 inopes.

313 1511 472 1545 Candidet
495 1513 681 1554 Aethiopes,

256 1596 344 1624 Grad.
365 1606 418 1625 ms.
439 1598 654 1626 Ratisbonense
675 1606 751 1626 saec.
776 1596 820 1626 12.
842 1600 915 1627 Cim.
936 1600 1105 1627 Monacens.
1127 1598 1233 1628 13125.
1255 1601 1321 1629 add.
1347 1609 1421 1629 saec.
1452 1601 1494 1629 15.

180 1634 215 1661 A.
236 1649 272 1653 -
295 1636 470 1663 Cantionale
488 1636 719 1673 vissegradense
738 1638 766 1665 V
783 1637 806 1664 0
834 1646 851 1664 e
869 1648 888 1673 η
909 1646 984 1665 saec.
1014 1636 1059 1665 15.
1079 1639 1112 1665 Β.
1134 1653 1171 1657 —
1190 1639 1273 1666 MeL:
1299 1639 1402 1667 Gaude
1423 1641 1496 1666 Sion

181 1672 260 1708 quod
280 1681 414 1708 egressus
434 1674 468 1701 A.
494 1689 526 1693 —
550 1673 599 1708 lb,
622 1674 636 1701 1
660 1674 718 1703 Sed
742 1683 877 1703 accessus
902 1676 935 1703 Β.
957 1690 993 1694 -
1020 1675 1069 1710 5a,
1093 1674 1111 1702 2
1132 1677 1167 1704 In
1187 1683 1245 1712 qua
1269 1679 1396 1713 primum
1421 1678 1495 1705 Levi

183 1710 269 1738 domo
290 1712 322 1738 Β.
343 1727 382 1731 -
400 1710 452 1745 61),
475 1710 489 1739 1
511 1713 665 1749 Trapezite
683 1713 724 1748 A3
745 1713 906 1749 praepefita
924 1714 958 1741 B.

612 1851 674 1882 301.
714 1852 757 1883 Dc
773 1853 880 1883 sancto
901 1852 1066 1884 Maturino.

589 1933 618 1964 1.
645 1931 836 1975 Maturinus,
862 1933 912 1966 vir
936 1935 1088 1975 maturus,

650 1979 798 2018 Quamvis
815 1989 896 2020 puer
921 1983 1027 2012 tamen
1051 1990 1150 2020 purus

692 2027 813 2059 Militat
835 2028 869 2059 in
894 2037 1003 2068 puero,

204 2085 260 2117 2a.
286 2083 365 2115 Flos
379 2083 550 2124 jucundus,
568 2082 627 2116 flos
641 2083 806 2127 fecundus,
891 2085 949 2118 2b.
972 2085 1070 2117 Flore
1095 2085 1170 2118 Sion
1197 2086 1365 2119 decoratur

285 2131 349 2163 Per
375 2130 521 2162 affectum
547 2134 579 2162 et
604 2131 749 2164 effectum

332 2179 475 2211 Pullulat
500 2188 519 2211 a
543 2182 661 2212 tenero.

202 2237 256 2269 Sa.
283 2236 368 2269 Fide
388 2239 515 2276 patrem
538 2235 734 2280 reformavit,

282 2283 423 2316 Matrem
444 2294 533 2317 suam
558 2285 722 2325 reparavit

327 2381 432 2414 Verae
457 2381 543 2413 vitae
566 2381 678 2421 gratia,

972 2133 1017 2165 Et
1042 2133 1158 2165 decora
1182 2138 1347 2167 serenatur

1022 2180 1146 2213 Galliae
1170 2181 1314 2217 lucifero.

891 2238 948 2271 ab.
972 2238 1153 2271 Maturinus
1177 2241 1319 2272 maturus
1340 2244 1481 2281 pectore,

974 2285 1085 2318 Clarus
1118 2287 1236 2330 stirpe,
1272 2288 1456 2327 praeclarus

1264 2345 1361 2376 opere

1023 2382 1133 2414 Victor
1156 2383 1273 2415 transit
1297 2385 1412 2418 stadia.
