1653 2632
169 220 225 252 3a.
252 219 389 260 Respuit
413 223 490 253 tuno
513 222 629 261 pocula

301 267 395 300 Vasis
419 268 606 310 Babylonis,

251 314 395 347 Fervens
420 315 483 348 fuit
505 318 614 349 rosula

299 362 390 395 Haec
415 364 532 398 Judaei
558 365 660 398 donis.

168 420 225 452 4a.
252 419 372 452 Arbori
396 422 433 452 ut
456 420 508 462 sit,
535 422 694 462 subjectas

698 126 955 162 —151—

858 224 916 257 312.
936 223 983 256 Ut
1005 224 1150 264 lecythus
1175 223 1237 255 olei

856 423 916 457 4b.

298 467 349 499 De
372 468 492 500 virtute
511 469 544 500 in
569 470 719 501 virtutem

347 514 449 549 Duxit
474 525 542 549 cum
568 517 749 556 prudentia.

169 572 225 604 5a.
252 571 329 604 Vias
354 572 458 604 Dinae
483 573 563 605 haec
587 573 707 612 abnuit,

251 619 336 651 Acta
360 619 487 652 Mariae
513 620 628 652 imbuit

249 666 295 698 Et
326 675 395 698 cum
421 667 553 699 Martha
579 668 683 700 coluit.

168 723 227 755 6a.
254 722 333 755 Jesu
360 723 473 764 dulcis,
499 724 539 756 ob
565 733 704 756 amorem

250 769 425 802 Erntrudis
451 774 547 811 atque
573 772 729 811 decorem,

296 817 439 859 Virginis
465 819 693 859 sanctissimae,

984 271 1092 303 Herae
1116 271 1311 311 Sareptenae

939 318 993 351 Sic
1015 319 1049 350 in
1073 318 1138 351 olla
1160 317 1238 350 fidei

984 366 1185 398 Fecundavit
1207 366 1311 405 plene.

937 423 1153 463 Respexitque
1176 423 1244 454 vias
1269 425 1384 461 rectas,

986 471 1171 503 Animarum
1193 473 1230 501 ut
1252 470 1385 502 salutem

1032 518 1157 551 Firmet
1181 526 1251 549 cum
1275 517 1413 549 solertia.

857 574 915 607 51).
937 574 1000 606 Dei
1023 575 1162 615 potentis
1186 573 1253 606 filia

938 621 1059 654 Futans
1084 622 1194 654 mundi
1218 622 1295 654 vilia

941 668 1027 702 Coeli
1051 670 1128 709 legit
1152 670 1229 703 lilia.

859 726 915 760 6b.
939 726 1037 759 Salva
1060 734 1166 757 omnes
1191 726 1274 757 hanc
1297 724 1463 757 laudantes

940 772 1066 805 Gaudia
1091 775 1123 804 et
1148 773 1355 813 deprecantes

987 820 1074 852 Data
1097 820 1332 852 invictissimae.

245 873 329 901 Miss.
355 883 409 902 ms.
430 874 656 912 Salisburgensc
683 877 754 903 anni
780 874 862 904 1476.
884 876 952 904 Cod.
979 876 1052 904 bibl.
1076 876 1157 912 publ.
1178 876 1205 903 V
1230 874 1245 903 1
1266 876 1293 903 A
1321 873 1365 903 12.
1386 875 1420 902 A.
1441 888 1479 892 —

166 912 249 939 Miss.
271 920 324 939 ms.
345 912 570 949 Salisburgense
590 922 666 941 saec.
685 913 729 942 15.
751 914 820 942 Cod.
841 914 936 942 Palat.
957 914 1175 942 Vindoboncns.
1197 912 1279 942 1778.
1298 915 1330 942 B.
1345 928 1383 933 —
1395 913 1478 939 Miss.

165 958 219 977 ms.
247 949 473 986 Salisburgense
499 960 576 980 saec.
604 950 648 979 15.
676 952 745 980 Cod.
773 951 1099 988 Olaustroneoburgens.
1125 950 1170 979 76.
1199 952 1229 979 C.
1255 967 1294 972 —-
1313 952 1395 979 Miss.
1425 958 1478 977 ms.

166 987 316 1015 Gurcense
343 997 418 1016 saec.
446 988 491 1017 15.
520 989 588 1017 Cod.
615 990 731 1017 Musaei
750 990 906 1017 Virunens.
932 988 996 1018 332.
1018 990 1054 1017 D.
1076 1004 1113 1008 —
1132 990 1215 1017 Miss.
1240 999 1293 1017 ms.
1316 989 1478 1017 Graecense

165 1024 216 1052 74.
239 1033 313 1053 saec.
336 1024 380 1054 15.
400 1027 437 1054 Ε.
456 1043 495 1047 -
513 1028 596 1055 Miss.
617 1036 670 1055 ms.
687 1027 872 1063 Stirpinense
891 1026 917 1055 3.
941 1036 1016 1055 saec.
1039 1026 1082 1056 15.
1096 1028 1128 1055 F.
1143 1043 1180 1047 —
1192 1027 1241 1061 la,
1265 1027 1279 1055 1
1300 1026 1378 1055 laete
1389 1027 1426 1054 Ε.
1440 1039 1479 1044 —

170 1062 185 1090 1
198 1071 223 1099 a,
238 1061 257 1091 3
268 1063 425 1092 Emtrudis
435 1066 560 1101 virginis
573 1066 716 1093 solemnia
725 1065 814 1093 ABD.
827 1081 860 1085 —
875 1064 926 1100 lb,
943 1063 961 1093 3
973 1066 1055 1099 Quae
1063 1073 1167 1101 regens
1179 1067 1279 1093 omnia
1287 1064 1427 1093 ABCDE.
1440 1077 1476 1082 —

165 1099 222 1137 2a,
246 1100 260 1129 1
283 1101 396 1130 Affatus
419 1102 454 1130 A.
476 1119 514 1123 ——
534 1101 584 1137 2a,
608 1101 625 1131 3
644 1104 761 1139 plenam
780 1103 901 1131 laudm-e
919 1102 1031 1131 ACEF.
1052 1118 1089 1122 —
1109 1101 1160 1137 312,
1182 1101 1197 1130 1
1218 1104 1264 1131 Ne
1281 1102 1415 1139 lecythus
1434 1102 1477 1136 A;

165 1139 228 1167 Nec
253 1139 388 1175 lecythus
409 1141 445 1168 D.
466 1157 504 1161 —
526 1139 584 1175 312,
613 1139 630 1169 3
651 1142 701 1169 Fit
726 1143 758 1168 in
783 1141 852 1168 aula
876 1140 950 1169 fidei*
965 1141 1006 1177 A;
1035 1149 1078 1168 sie
1097 1142 1129 1168 in
1149 1141 1218 1168 aula
1238 1142 1274 1178 03
1301 1144 1340 1169 ait
1358 1142 1389 1168 in
1410 1139 1479 1166 aula

166 1177 230 1204 DE.
252 1192 289 1197 —
308 1177 424 1206 Arbora
442 1181 477 1206 ut
495 1181 536 1207 sit
554 1179 652 1215 ADE3
673 1180 781 1207 arbora
798 1182 834 1206 ut
852 1180 896 1206 sic
916 1180 953 1214 Ἐς
975 1180 1078 1207 arbore
1097 1181 1131 1205 ut
1149 1179 1190 1206 sit
1205 1178 1243 1214 C;
1265 1180 1364 1208 arbori
1385 1181 1419 1205 ut
1438 1178 1478 1204 sit

164 1215 198 1242 B.
219 1230 256 1235 —
276 1214 331 1247 4b.
354 1214 372 1244 3
393 1216 494 1244 Firma
512 1226 578 1245 cum
598 1217 719 1245 solertia
737 1217 776 1253 A3
798 1225 863 1244 cum
883 1216 1026 1245 solemnia
1039 1216 1098 1244 OD.
1115 1233 1151 1236 —
1165 1216 1215 1251 53,
1238 1216 1253 1245 1
1268 1219 1341 1246 Vias
1358 1215 1477 1244 Domini

167 1254 201 1281 B.
222 1269 260 1273 —
280 1254 457 1282 Verderbter
476 1256 552 1283 Text
571 1256 603 1282 in
623 1255 796 1283 siimtlichen
815 1255 886 1283 Hss.

597 1323 665 1355 202.
707 1323 751 1354 De
770 1325 877 1355 sancto
899 1323 1052 1364 Eugenio.

165 1383 219 1416 la.
248 1382 372 1415 Psallat
397 1391 467 1414 cum
492 1383 634 1424 tiipudio

246 1429 347 1462 Laeta
369 1439 522 1470 praesens
548 1432 656 1463 concio

245 1478 458 1510 Praesentans
481 1478 624 1519 Eugenio

290 1526 375 1558 Vota
396 1528 497 1566 grata.

244 1582 438 1614 Accelerans
465 1582 604 1615 Galliam

242 1630 298 1662 Ad
321 1630 424 1670 patris
448 1631 662 1670 praesentiam

244 1677 385 1709 Turbam
410 1678 508 1710 habet
532 1678 657 1711 obvia-m

291 1725 501 1765 Paganorum.

245 1781 324 1814 Mox
348 1784 496 1814 truncato
522 1783 627 1822 capite

245 1828 316 1860 Viri
339 1829 455 1861 mentis
480 1830 603 1861 concite

242 1867 455 1909 Proster⁹nunt
477 1877 510 1908 iu
535 1878 660 1918 gurgite

293 1923 416 1964 Corpus
443 1933 579 1959 caesum.

242 1981 302 2013 Vir
326 1981 422 2014 saluti
446 1982 604 2022 redditus,

241 2030 341 2062 Prout
366 2032 435 2061 erat
458 2031 606 2071 monitus,

242 2077 357 2110 Paruit
379 2077 534 2110 sollicitus

288 2125 441 2165 Imperio,

242 2182 336 2214 Nunc
360 2191 513 2222 praesens
539 2183 674 2216 ecclesia

239 2230 396 2271 Martyris
422 2231 605 2271 praesentia

238 2278 390 2311 Exsultet
410 2278 535 2311 laetitia

288 2326 436 2367 Speciali.

163 1583 218 1614 2a.

163 1782 219 1815 3a.

159 1982 216 2014 4a.

157 2183 213 2216 5a.

851 1384 908 1419 1b.

849 1584 907 1616 2b.

848 1783 906 1816 31).

847 1983 905 2015 4b.

847 2185 904 2219 5b.

932 1384 1028 1424 Cujus
1053 1385 1229 1417 ministerio

932 1432 1087 1464 Toletana
1110 1433 1198 1473 regio

930 1479 992 1511 Est
1016 1489 1035 1511 a
1061 1480 1148 1511 cultu
1174 1481 1265 1513 devio

978 1527 1149 1560 Revocata.

930 1585 1101 1625 Quaerunt,
1125 1594 1166 1617 an
1192 1585 1241 1617 dis
1264 1583 1421 1625 famulus3

932 1632 1018 1673 Sum,
1046 1632 1128 1664 dixit
1150 1632 1347 1673 intremulus5

931 1678 1042 1711 Cultor
1067 1679 1185 1712 Christi
1209 1680 1348 1720 sedulus,

977 1726 1051 1759 Non
1078 1727 1218 1759 deorum.

929 1783 1086 1816 Immenso
1111 1784 1271 1816 volumine

929 1830 1121 1870 Temporum
1144 1832 1178 1863 in
1201 1830 1331 1863 flumine

928 1879 1039 1911 Latuit
1062 1879 1232 1918 putredine

976 1925 1145 1966 Nunquam
1170 1927 1299 1960 laesum.

931 1983 1052 2023 Corpus
1076 1986 1214 2016 tractum
1238 1984 1334 2016 latice

928 2030 1030 2063 Locat
1053 2030 1226 2064 honorifice

929 2079 1138 2112 Constructas
1160 2079 1311 2112 basilicae

977 2127 1133 2160 Sacrario.

926 2184 1022 2225 Cujus
1046 2193 1178 2225 precum
1203 2185 1306 2226 gratia

928 2234 992 2266 Per
1015 2235 1193 2272 temporum
1218 2233 1323 2273 spatia

929 2280 978 2313 Sit
1001 2289 1154 2321 praesens
1178 2279 1301 2313 familia

972 2328 1100 2369 Expers
1125 2329 1209 2363 mali.

231 2381 314 2410 Miss.
334 2391 389 2410 ms.
410 2382 440 2411 S.
461 2383 599 2420 Dionysii
620 2392 695 2412 saec.
719 2382 762 2413 14.
785 2385 855 2413 Cod.
876 2385 1035 2413 Parisiens.
1058 2383 1140 2414 1107.
1173 2381 1229 2413 Mit
1247 2385 1316 2413 Mel.
1332 2397 1370 2408 =
1383 2386 1474 2415 Plebs

153 2421 260 2449 devota
280 2421 406 2457 psallite.
