1653 2632
737 110 974 146 ..71-

194 203 254 236 4a.
280 203 330 235 Tu
351 204 495 243 jucunda
519 214 570 238 res
596 209 628 238 et
653 215 773 247 recens,
881 207 940 242 4b,
964 208 1124 241 Summum
1138 208 1236 249 paris,
1250 218 1506 251 summaparens,

275 250 404 284 Summe
414 253 542 292 munda,
562 263 683 286 summe
696 254 822 296 decens,
962 255 1089 296 Expers
1113 255 1211 295 pan's,
1237 265 1357 288 summe
1381 266 1509 298 parens,

328 298 449 331 Summi
473 301 557 342 regis
583 302 688 344 regia3
1012 302 1138 334 Summe
1161 305 1196 334 tu
1222 304 1356 344 egregia.

194 357 249 389 5a.
275 355 325 388 Tu
349 357 465 389 lacuna
490 358 680 399 documenti,
882 359 939 392 5b.
964 359 1082 392 Schola
1105 368 1236 399 morum,
1262 368 1352 392 mons
1378 360 1495 399 odoris,

278 402 334 435 Sol
359 407 392 436 et
414 405 490 437 luna
513 404 705 438 firmamenti
963 406 1033 438 Fax
1057 416 1208 447 amorum,
1237 406 1308 439 fons
1334 406 1482 446 dulcoris,

279 451 476 493 Opportuna,
502 451 595 485 firma
618 453 717 485 menti
963 454 1070 486 Decor
1092 452 1216 494 florum,
1238 453 1296 486 flos
1324 454 1460 493 decoris,

322 498 398 531 Dux
422 501 454 531 et
477 500 534 531 lux
557 500 710 533 laetitiae.
1011 501 1139 533 Foedus
1164 502 1332 533 amicitiae.

195 555 251 588 6a.
279 555 304 588 O
330 556 458 588 virtutis
483 557 531 588 vis
557 559 589 588 et
609 557 685 596 vita,
883 558 941 591 6b.
962 558 1027 590 Ros
1056 562 1088 591 et
1112 568 1185 591 rosa
1209 559 1356 598 gloriosa,

325 602 406 643 Spes
431 604 554 643 salutis,
580 612 638 636 nos
662 603 773 643 invita,
1011 605 1122 637 Dulcis
1141 604 1279 647 flagrans
1303 606 1452 646 primula,

276 649 323 682 Ut,
346 652 452 682 tecum
475 651 557 683 coeli
580 650 720 683 thalamo
963 652 1032 684 Mel
1058 656 1089 684 et,
1112 654 1221 695 melos,
1250 653 1355 693 pande
1380 653 1483 685 caelos

325 696 484 729 Fruamur
510 698 596 730 dulci
620 698 774 731 balsamo.
1009 699 1111 732 Nobis
1135 709 1231 740 prece
1255 700 1377 734 sedula.

194 753 250 786 7a.
279 752 394 794 Corda,
420 754 544 795 linguas
569 755 617 787 sic
640 755 810 796 instaures,
883 756 941 789 7b.
961 756 1017 797 Ut,
1044 757 1097 797 qui
1124 757 1232 789 damus
1257 757 1317 788 tibi
1341 757 1462 799 laudes,

275 800 322 833 Ut
345 810 403 833 nos
427 802 542 842 pingas
567 805 599 833 et
624 803 758 834 deaures
964 803 1176 844 Gaudeamus,
1201 804 1256 836 ubi
1281 805 1399 844 gaudes

324 848 511 881 Honestatis
536 850 695 890 moribus3
1012 851 1102 884 Coeli
1127 852 1231 883 cincta
1254 850 1395 883 floribus

267 922 351 950 Miss.
372 932 424 951 ms.
446 923 476 951 S.
496 925 643 960 Dionysii.
664 933 740 953 saec.
762 924 806 953 14.
828 925 897 953 Cod.
911 926 1071 953 Parisiens.
1095 924 1177 954 1107.
1203 927 1260 953 Mit
1274 926 1343 953 Mel.
1412 925 1505 953 Corde

193 968 266 996 puro
292 963 390 988 mente
417 962 539 996 mundo,
565 971 624 990 von
644 963 695 990 der
714 963 792 991 indes
818 964 866 991 die
887 963 1011 991 Ohorffle
1031 963 1048 991 6
1070 964 1131 992 und
1149 963 1166 991 ’7
1187 973 1243 992 nur
1258 964 1271 999 j
1328 964 1418 991 'nmal
1439 972 1504 991 ver-

191 998 292 1025 wandt
311 997 384 1026 sind.
405 1015 443 1019 —
463 999 516 1034 412,
537 998 555 1028 3
575 1000 694 1028 Summe
714 1010 745 1029 re
766 1002 893 1038 egregia.
914 1017 952 1022 —
972 1000 1022 1036 Sa,
1044 1000 1062 1028 2
1085 1003 1221 1038 pinguas.

641 1129 686 1160 87.
727 1129 770 1160 De
789 1129 883 1160 beata
902 1129 1003 1161 Maria
1022 1130 1058 1162 V.

191 1216 248 1250 la.
274 1216 383 1249 Mellis
409 1217 505 1257 stilla,
535 1217 633 1249 maris
658 1217 763 1258 stella,
880 1218 938 1251 ih.
962 1219 1049 1251 Coeli
1073 1219 1171 1258 scala,
1197 1219 1272 1250 boni
1297 1220 1417 1256 schola,

275 1263 371 1304 Cujus
399 1264 511 1296 dulcor
534 1265 635 1297 vincit,
658 1265 763 1303 mella,
962 1264 1092 1298 Profers
1116 1266 1225 1306 solem,
1251 1266 1350 1307 virgo,
1377 1267 1455 1306 sola,

322 1310 419 1351 Cujus
443 1312 596 1351 splendor
620 1311 745 1351 sidera3
1009 1313 1106 1353 Virgo
1131 1314 1188 1346 sed
1212 1323 1382 1354 puerpera.

190 1370 245 1402 2a.
273 1368 371 1408 Virgo
392 1377 510 1408 parens
536 1377 649 1408 expers
674 1369 772 1409 paris,
878 1369 938 1403 2b.
959 1370 1050 1401 Paris
1075 1373 1199 1410 patrem
1224 1370 1298 1410 filia

271 1415 356 1447 Dum
380 1418 416 1447 tu
442 1424 548 1456 pares,
574 1416 678 1448 Deum
702 1417 801 1456 paris,
961 1416 1057 1455 Quem
1085 1417 1282 1449 claudentem
1310 1418 1415 1450 omnia

321 1462 385 1495 Sed
410 1466 499 1495 veste
524 1463 581 1495 sub
605 1463 728 1504 altera3
1008 1464 1078 1497 Tua
1104 1465 1256 1497 claudunt
1279 1466 1412 1498 viscera.

180 1522 245 1554 ·3a.
272 1519 368 1552 Patet
390 1520 510 1552 indicio
878 1520 936 1555 eb.
958 1521 1010 1553 Ex
1032 1524 1086 1553 tuo
1112 1522 1231 1562 gremio

320 1568 472 1601 Conversi
499 1568 645 1609 nominis,
1008 1568 1151 1601 Nascens
1177 1568 1248 1601 fons
1272 1569 1395 1602 luminis

274 1614 338 1647 Gur
362 1615 416 1657 siS‚
443 1615 605 1658 annuntio,
959 1615 1117 1656 Splendet
1139 1617 1173 1649 in
1197 1617 1302 1649 medio

318 1662 492 1694 Praeclara
516 1661 653 1694 feminis.
1008 1663 1147 1696 Nostrae
1171 1665 1326 1705 caliginis.

187 1717 246 1752 4a.
272 1719 372 1752 Verbi
398 1720 562 1760 conceptio
877 1720 935 1754 4b.
957 1719 998 1752 In
1022 1723 1055 1752 te
1076 1720 1114 1753 fit
1137 1722 1210 1754 unio

319 1765 377 1798 Nil
400 1766 499 1798 habet
522 1767 664 1798 criminis
1006 1768 1122 1800 Matris
1149 1771 1181 1800 et,
1204 1769 1346 1809 virginis,

271 1813 341 1845 Nec
363 1812 443 1846 flore
466 1814 597 1853 proprio
959 1816 998 1848 In
1022 1818 1076 1847 tuo
1101 1815 1168 1848 filio

320 1861 464 1893 Vernare
490 1861 619 1896 desinis.
1007 1862 1070 1894 Dei
1094 1866 1126 1894 et
1149 1863 1296 1896 hominis.

189 1919 244 1951 5a.
272 1918 375 1950 Verus
398 1918 504 1959 homo,
529 1926 624 1950 verus
649 1918 736 1950 Deus
878 1918 936 1953 5b.
958 1919 1042 1951 Dum
1066 1920 1207 1952 salvator
1232 1920 1470 1960 condemnatur,

270 1966 411 2005 Propter
435 1974 507 1998 reos
532 1968 692 2006 tamquam
716 1974 789 1998 reus
959 1966 1005 1999 Ut
1028 1976 1113 1999 mors
1135 1968 1208 2007 jure
1231 1968 1394 2007 moriatur,

320 2012 423 2046 Carne
450 2012 662 2054 crucifigitur3
1004 2015 1085 2048 Vita
1108 2018 1222 2055 sponte
1245 2016 1391 2049 moritur.

188 2071 244 2104 6a.
270 2070 316 2103 Et
339 2070 468 2104 videtur
492 2070 627 2109 ratione,
878 2071 935 2105 eb.
958 2071 1055 2104 Suum
1081 2081 1196 2114 corpus
1220 2073 1379 2106 victimam

270 2118 361 2159 Quod
386 2118 420 2150 in
442 2119 505 2151 isto
530 2118 573 2150 sis
598 2127 699 2159 agone
959 2119 1068 2160 Dedit,
1094 2122 1181 2152 tuam
1206 2121 1342 2153 animam

318 2166 396 2199 Plus
420 2175 518 2206 passa
542 2175 635 2206 quam
659 2165 761 2207 filius3
1006 2167 1220 2200 Pertransivit
1243 2169 1378 2209 gladius.

188 2225 244 2258 ra.
272 2223 337 2257 Sed
362 2232 532 2264 resurgens
556 2223 606 2256 leo
632 2222 725 2256 fortis
877 2226 895 2258 7
903 2224 933 2256 b.
956 2224 1033 2256 Plus
1059 2234 1224 2265 compassa
1247 2226 1393 2266 patienti,

268 2270 387 2305 Aufert
411 2271 629 2312 principatum
651 2271 774 2312 mortis,
957 2272 1034 2304 Plus
1060 2273 1222 2314 consurgis
1246 2273 1425 2314 resurgenti

316 2318 431 2353 Refert
457 2320 611 2359 praedam
634 2318 750 2361 inferi3
1006 2321 1106 2361 Quam
1131 2324 1313 2354 sanctorum
1338 2322 1451 2355 ceteri.
