1653 2632
697 118 933 152 -84—

155 221 214 252 Za.
242 219 326 251 Sane
352 217 419 250 dies
445 216 564 256 gloriae
840 212 899 245 ab.
921 212 1012 244 Haec
1038 211 1106 243 dies
1127 210 1299 242 Achatium

241 265 320 298 Dies
343 265 397 297 hic
420 263 562 296 laetitiae
921 259 1044 291 Ducem
1068 256 1287 297 peregi-egium

239 313 308 352 Qua
331 311 460 344 coelesti
486 310 592 342 curiae
922 305 1036 337 Traxit
1060 305 1103 336 ad
1127 304 1316 343 martyrium

285 360 385 392 Luxit
407 359 517 391 honor.
969 352 1069 384 Vivus
1095 351 1184 385 odor.

157 420 213 451 Sa.
242 416 320 449 Cum
345 424 405 456 quo
433 415 541 446 decem
566 413 654 444 milia
841 409 900 443 3b.
923 409 1021 448 Quem
1048 408 1123 440 dum
1147 409 1279 447 possent
1304 406 1443 444 vincere,

242 463 402 496 Sufferunt
426 460 593 500 supplicia,
922 456 1065 489 inermes
1090 454 1240 486 incedere

239 511 285 543 Ut
306 509 399 549 jubet
423 507 556 540 saevitia
923 503 1026 543 Seque
1049 510 1173 542 poenae
1196 500 1335 532 subdere

287 556 434 589 Adriani.
971 550 1045 582 Non
1069 549 1168 584 inanit

157 615 214 647 4a.
242 614 375 646 Sanctus
399 613 507 643 monet
530 610 679 650 angelus·‚
840 607 900 640 4b.
922 608 991 640 Hos
1016 616 1037 639 a
1061 606 1125 638 suis
1150 607 1291 645 separat,

240 660 344 692 Dictis
369 662 484 698 parent
504 657 601 694 ocius,
924 654 1068 686 Eductos
1092 654 1125 685 in
1151 652 1294 685 Ararath

241 707 358 739 Caesar
381 705 483 738 saevit
508 704 632 736 saevius
925 701 1075 741 Crucifigi
1099 701 1246 741 imperat.

288 754 406 786 Plenus
431 753 489 784 ira.
972 749 997 782 Ο
1023 757 1075 780 res
1099 748 1192 788 mira,

159 814 215 845 52.
242 811 341 843 Fiunt
365 810 456 849 signa
480 808 585 840 omnia
843 805 901 839 5b.
926 805 1052 838 Christe
1074 807 1205 845 portans
1231 804 1362 845 scelera,

242 858 338 890 Velut
362 857 396 888 in
419 857 480 888 hac
508 854 599 895 feria,
923 852 976 885 Da
997 853 1031 884 in
1054 852 1164 884 mundi
1188 860 1324 891 vespera

242 905 310 944 Qua
332 905 366 936 in
390 904 476 944 ligno
500 902 635 935 moritur
926 899 1009 932 Esse
1032 902 1143 931 nostra
1163 907 1262 938 opera

288 951 403 984 Mundi
428 951 503 983 vita.
976 946 1029 979 Sic
1053 947 1164 986 polita.

233 1027 283 1054 Mi=
310 1047 315 1053 ,
343 1034 395 1053 ms.
421 1024 652 1060 vissegradense
680 1023 749 1055 VC&
776 1030 852 1050 saec.
881 1020 925 1049 15.
952 1022 987 1049 A.
1015 1037 1051 1041 ——
1075 1021 1159 1048 Miss.
1187 1029 1241 1047 ms.
1271 1019 1473 1047 Zwethalense

157 1063 213 1093 229
234 1072 309 1092 saec.
332 1062 376 1091 14.
396 1063 429 1090 B.
451 1077 487 1081 —
507 1062 590 1090 Miss.
609 1070 663 1089 ms.
681 1061 1018 1096 Claustroneoburgense
1038 1057 1093 1087 960
1118 1067 1193 1086 saec.
1211 1057 1255 1086 15.
1277 1057 1306 1085 G.
1328 1072 1366 1077 —-
1388 1058 1471 1085 Miss.

158 1112 186 1130 m
233 1102 459 1137 Salisbiirgense
478 1108 553 1128 naec.
576 1099 620 1127 15.
643 1099 714 1127 clm.
728 1099 897 1126 Monacens.
914 1096 996 1126 1579.
1011 1098 1048 1125 D.
1069 1113 1106 1117 —-
1126 1097 1208 1124 Miss.
1226 1105 1279 1123 mS.
1295 1096 1473 1123 Pataviense

158 1149 234 1168 mee.
263 1139 307 1168 15.
330 1139 401 1167 Cim.
422 1139 591 1166 Monacens.
614 1135 720 1165 11046.
741 1136 777 1163 E.
799 1151 835 1155 —
858 1135 909 1170 lb,
932 1134 946 1163 1
971 1136 1029 1170 Qui
1050 1143 1164 1163 summa
1184 1135 1341 1162 clementia
1359 1133 1416 1161 BC.
1437 1149 1474 1153 -—

158 1178 186 1205 2:
202 1200 207 1213 ἧ
231 1177 245 1205 1
272 1178 361 1205 Mane
380 1177 443 1204 dies
462 1177 503 1211 B3
530 1176 618 1203 Salve
637 1175 700 1203 dies
719 1174 779 1202 AC.
800 1189 838 1193 —
856 1172 908 1206 Za,
930 1172 948 1201 2
969 1174 1031 1201 dies
1051 1174 1126 1201 haec
1144 1173 1203 1200 AC.
1226 1187 1263 1191 —-
1282 1170 1335 1204 Sa,
1358 1170 1376 1200 3
1391 1171 1477 1206 jubet

163 1217 305 1244 ‘ententia
322 1215 384 1243 AB.
407 1229 443 1234 —
463 1213 513 1248 5a,
535 1212 553 1240 2
572 1214 662 1242 Velut
680 1215 712 1241 in
732 1213 788 1240 hoc
808 1214 878 1240 stmt
890 1212 968 1240 facta
984 1212 1018 1239 A.
1039 1227 1078 1232 —
1090 1211 1175 1239 Nach
1192 1210 1249 1239 Str.
1264 1209 1281 1238 5
1294 1210 1348 1237 hat
1361 1210 1385 1237 B
1399 1210 1475 1237 noch

159 1254 292 1290 rolgende
312 1253 541 1289 Interpolation:

236 1301 279 1329 Ut
297 1301 351 1328 hos
372 1302 489 1327 sanctos
510 1300 692 1332 venerantes,
921 1297 988 1324 Tua
1006 1304 1092 1332 prece
1111 1304 1166 1323 nos
1187 1303 1205 1322 a
1224 1304 1296 1323 nece

235 1340 271 1367 In
290 1339 429 1366 laudibus
450 1337 629 1365 exsultantes
961 1334 1114 1362 Aeternali
1132 1334 1236 1361 libera.

276 1375 348 1404 Cum
369 1377 412 1403 eis
431 1377 463 1402 in
482 1375 579 1410 gloria
922 1373 984 1400 Nos
1008 1371 1179 1400 commenda
1198 1374 1247 1399 tuo
1268 1372 1355 1407 patri,

236 1413 403 1442 Virtutibus
424 1410 591 1450 [ex]ornati,
961 1410 1041 1444 Jesu„
1063 1412 1164 1446 pastor
1178 1410 1288 1443 inclite,

239 1452 404 1480 Scelcribus
426 1450 575 1479 emundati
923 1449 967 1477 Ut
985 1456 1139 1484 regnemus
1159 1456 1214 1475 nos
1234 1448 1340 1475 invicti

277 1490 441 1518 Clamemus
462 1498 528 1516 cum
550 1489 679 1516 laetitia:
963 1488 1073 1514 Tecum
1092 1494 1180 1521 super
1200 1486 1299 1513 sidera

240 1528 336 1561 Salve,
357 1529 406 1563 pie
425 1527 499 1555 Jesu
520 1526 642 1560 Christe,
965 1525 1021 1553 Per
1041 1524 1224 1552 saeculorum
1244 1524 1372 1551 saecula.

277 1566 377 1594 Infans
398 1568 497 1593 castae
518 1566 652 1601 virgini&

615 1692 677 1725 103.
708 1693 752 1725 De
770 1693 877 1724 sancto
898 1691 1040 1724 Achatio.

166 1787 223 1820 1a.
249 1785 303 1817 Ad
328 1785 479 1816 honorem
503 1784 694 1816 invictorum
853 1781 911 1815 ib.
934 1782 1043 1815 Omnis
1069 1791 1174 1818 sexus,
1201 1781 1302 1813 onmis
1327 1783 1425 1821 aetas,

249 1832 463 1871 Athletarum,
491 1832 545 1872 qui
571 1831 731 1863 coelorum
937 1830 1098 1863 Stadiales
1124 1838 1254 1861 currens
1278 1831 1380 1860 metas

297 1879 378 1912 Sunt
402 1880 512 1920 adepti
536 1879 663 1919 gaudia,
985 1877 1104 1918 Surgat
1126 1877 1160 1909 in
1185 1877 1321 1916 laetitia,

167 1940 226 1971 2a.
254 1936 347 1969 Tuba
370 1937 459 1969 vocis
483 1936 683 1969 buccinando
854 1934 914 1969 2b.
936 1935 996 1975 Qui
1033 1935 1080 1966 sic
1110 1935 1264 1967 mundum
1298 1935 1459 1973 contemp-

1255 1983 1375 2021 serunt,

251 2032 297 2064 Et
322 2032 436 2064 devote
462 2031 653 2064 celebrando
938 2029 1030 2068 Quod
1055 2038 1091 2060 se
1113 2029 1182 2061 Deo
1208 2029 1394 2061 obtulerunt

298 2079 481 2120 Martyrum
503 2079 667 2118 solemnia,
987 2077 1106 2109 ,Iuncta
1132 2077 1215 2109 dena
1237 2077 1335 2108 milia.

170 2138 230 2171 3a.
256 2137 394 2176 Quorum
421 2137 485 2168 dux
512 2139 542 2167 et
567 2135 776 2175 principator‚
856 2133 913 2166 3b.
939 2133 1059 2171 Quibus
1086 2133 1150 2165 iter
1172 2134 1318 2165 veritatis

251 2184 348 2224 Legis
374 2192 485 2216 sacrae
508 2184 713 2223 propagator,
940 2180 1126 2212 simulacris
1152 2180 1326 2212 exsecratis

299 2232 436 2264 Exstitit
459 2231 625 2271 Achatius‚
986 2227 1183 2260 Monstravit
1206 2227 1361 2267 sagacius.

171 2290 229 2323 421.
254 2288 420 2320 Hermolai
446 2288 632 2320 documento
856 2283 916 2317 4b.
940 2284 1020 2317 Cum
1044 2284 1226 2324 praeceptis
1251 2283 1384 2315 obedire

257 2335 357 2368 Simul
382 2335 415 2367 hi
439 2344 474 2366 se
499 2334 686 2367 vestimento
939 2332 989 2363 Ac
1013 2331 1179 2371 promissis
1204 2331 1361 2363 assentire

303 2382 478 2415 Rubricato
503 2382 650 2420 induunt‚
988 2378 1085 2419 Regis
1111 2378 1199 2410 saevi
1223 2381 1388 2417 respuunt.
