1653 2632
165 234 221 267 Sa.

240 439 329 468 Scala
348 442 424 470 coeli
443 443 557 471 Alberti
578 444 735 479 Pragensis
756 453 831 472 saec.
855 444 897 473 14.
921 445 989 474 Cori.
1011 446 1149 483 Pragens.
1164 448 1240 475 XIII
1253 448 1279 475 Ε
1292 445 1318 475 3.

704 140 938 177 -95-

247 233 321 274 Eja‚
347 234 442 267 beate
467 240 499 267 et
526 236 619 276 bone,
850 239 907 272 3b.

246 280 405 314 Miserere
428 292 554 324 semper
578 293 689 325 prone,

246 328 316 361 Fac
341 333 502 362 consortes
527 341 584 364 nos
611 341 745 364 coronae

296 375 450 409 Goelestis
474 378 617 412 militiae.

158 476 329 512 jedenfalls:
351 480 480 508 Verbum
500 482 618 509 bonum.

187 782 242 813 2a.

188 886 245 918 Sa.

183 1037 242 1069 4a.

184 1236 240 1267 5a.

179 1435 236 1465 fia.

181 1775 237 1808 7a.

175 1973 230 2005 8a.

174 2174 230 2206 9a.

148 2328 228 2361 loa.

931 241 994 272 Per
1019 243 1052 272 te
1078 240 1220 273 Christus
1245 250 1302 272 nos
1334 247 1470 285 coronet,

931 287 995 319 Per
1019 290 1051 319 te
1076 288 1175 319 vitam
1199 288 1290 320 nobis
1318 289 1414 321 donet

931 333 1063 374 Voxque
1087 340 1196 366 nostra
1221 339 1311 375 grata
1337 339 1426 368 sonet

977 382 1076 421 Apud
1101 382 1209 414 sedem
1234 383 1362 422 gloriae.

1376 464 1379 467 ·
1401 449 1470 476 Mul.

606 572 659 603 117.
699 573 743 604 De
763 575 869 605 sancto
888 575 1033 606 Amantio.

664 634 695 666 1.
722 634 808 666 Voce
832 636 997 674 praecelsa

721 682 841 714 Christi
867 683 953 714 clara

719 730 878 769 magnalia

271 782 450 821 Pangamus
477 783 601 815 cantica
871 786 931 819 2b.
954 786 1058 827 Digne
1083 789 1136 828 qui
1161 789 1310 821 sublimat

270 832 418 861 canentes
440 829 502 861 sibi
527 834 629 870 grata,
954 834 1071 866 electos
1096 844 1192 875 super
1217 839 1302 869 astra

273 886 411 918 Perenni
437 887 538 927 gloria
870 889 928 923 3b.
952 891 1010 930 Qui
1035 890 1100 923 fide
1124 890 1284 924 ferventes

269 933 357 972 ipsos
379 934 466 973 juste
492 935 644 967 decorans
952 941 1064 970 cuncta
1088 940 1198 972 mundi
1231 945 1419 979 spreverunt

267 980 352 1011 inter
376 990 463 1021 arva,
951 985 1104 1024 peritura.

269 1036 393 1068 Horum
417 1038 502 1069 inter
528 1039 659 1079 collegia
867 1040 926 1073 4b.
952 1040 1047 1081 Cujus
1073 1051 1165 1073 sacra
1188 1044 1343 1076 solemnia

267 1084 402 1116 rutilans
427 1087 464 1116 ut
488 1085 583 1117 stella
951 1088 1095 1120 omnibus
1120 1090 1253 1122 colenda

266 1132 396 1170 praesul
420 1132 541 1172 lampat
950 1135 1150 1168 concelebrat

268 1178 434 1210 Amandus
459 1188 518 1219 per
543 1180 658 1217 saecla,
947 1180 1053 1213 fidelis
1079 1187 1216 1216 caterva.

266 1234 330 1266 Hic
357 1235 476 1267 dudum
507 1244 598 1268 sacra
866 1227 922 1271 '5b.
949 1238 994 1270 Et
1020 1240 1104 1271 vitae
1131 1240 1242 1280 dogma

265 1280 343 1313 fidei
367 1291 480 1314 norma
947 1286 1067 1325 passim
1091 1295 1150 1326 per
1173 1296 1251 1319 arva

265 1329 394 1368 gentilis
417 1329 612 1362 reformabat
946 1333 1075 1364 serebat
1099 1334 1286 1366 incessante]

264 1376 368 1415 plebis
393 1377 492 1409 corda
946 1388 1023 1411 voce
1049 1381 1145 1420 clara2

263 1432 409 1465 Suadens
434 1443 517 1466 vana
864 1435 923 1468 6b.
943 1436 1114 1468 Fundabat
1141 1438 1216 1470 diva

264 1480 408 1512 devitare
432 1482 540 1514 saecla
946 1485 1149 1519 monasteria.

264 1527 303 1559 ob
331 1528 411 1560 coeli
437 1537 535 1569 regna
659 1545 674 1560 *

260 1576 486 1609 nanciscenda.
707 1574 709 1576 ’
745 1593 760 1609 *
944 1578 1008 1610 Hic
1034 1581 1167 1611 centena

944 1626 1107 1659 hominum
1131 1627 1218 1658 milia

259 1669 456 1702 Daemonum
482 1670 559 1703 fana
945 1673 1096 1713 baptismi
1121 1683 1213 1706 saera

260 1719 405 1749 sternens
430 1718 569 1758 plurima
944 1721 1054 1752 lavans
1078 1722 1174 1753 unda.

263 1775 344 1814 Ave,
371 1775 511 1814 praesul,
862 1776 920 1809 7b.
943 1778 1024 1816 Ave,
1048 1780 1168 1819 pastor,

264 1822 387 1853 claudis
413 1822 526 1854 semita
944 1824 1007 1855 tuis
1031 1824 1142 1863 tutela,

264 1869 428 1908 caecisque
452 1869 583 1903 lucerna
944 1869 1072 1903 famulis
1097 1880 1170 1912 spes
1196 1881 1319 1913 quoque

260 1915 412 1948 salvifica.
941 1919 1128 1951 certissima.

258 1973 307 2005 Tu
335 1973 450 2005 devota
860 1974 919 2013 Sb.
943 1975 992 2007 Tu
1019 1974 1170 2008 defuncta

260 2029 357 2061 prece
381 2021 450 2053 Deo
476 2020 548 2054 fusa
943 2024 1090 2063 suspensi
1114 2033 1173 2064 pro
1199 2034 1282 2057 noxa

259 2069 378 2101 mundo
402 2069 504 2101 multa
941 2069 1022 2102 furis
1046 2072 1189 2104 membra

259 2116 377 2149 dedisti
407 2117 565 2150 miranda.
942 2117 1048 2150 fecisti
1072 2120 1191 2152 vivida.

257 2173 283 2207 O
310 2173 413 2213 qualis
441 2174 523 2206 doxa
859 2175 918 2210 9b.
943 2175 1093 2209 Gaudens
1120 2177 1236 2209 chorea

255 2230 341 2253 nunc
364 2221 398 2254 in
424 2222 490 2254 alta
942 2233 1012 2256 cum
1038 2233 1176 2264 superna

254 2269 320 2310 poli
346 2270 445 2310 regia,
941 2280 1037 2304 carne
1059 2273 1175 2312 posita.

255 2327 340 2368 Tibi,
365 2328 507 2369 praesul,
535 2328 584 2368 eja
834 2328 918 2362 1012.
942 2330 1028 2361 Voce
1052 2330 1216 2363 modulata

254 2377 368 2407 sonent
389 2374 525 2408 mirifica

254 2432 383 2464 organa,

941 2381 1112 2418 concrepet
1139 2378 1219 2411 haec
1244 2380 1316 2412 aula

937 2425 1080 2465 jubilans
