1653 2632
717 151 882 188 —259
933 173 975 177 —-

188 247 244 279 Sa.
273 245 385 279 Gradu
410 246 547 289 functus,
573 250 644 280 tuta
667 251 782 292 mente,
875 249 933 282 6b.
954 249 1133 281 Revocatus
1158 249 1311 289 martyrio

270 294 359 327 Mole
388 295 454 327 litis
479 296 646 336 ingruente
955 296 1059 328 Datur
1082 296 1193 327 matris
1217 296 1251 327 in
1276 295 1395 335 gremio

320 342 426 375 Subiit
451 343 607 386 exsilium,
1003 344 1168 376 Ecclesiae
1192 343 1350 383 gaudium.

188 399 243 431 7a.
270 399 380 431 Fortis
404 400 507 432 victor
531 401 696 440 gloriosus,
876 401 894 433 7
902 400 933 433 b.
958 400 1052 440 Cujus
1077 400 1194 432 mundo
1219 398 1354 431 mirifica

272 446 393 479 Christi
417 447 508 478 testis
534 448 693 487 pretiosus
958 449 1021 480 Per
1045 448 1197 479 virtutum
1220 447 1358 487 insignia

319 493 408 526 Coeli
432 498 543 535 regnat
563 495 677 538 incola,
1003 496 1217 528 Declarantur
1241 494 1365 527 merita.

192 551 247 584 8a.
262 551 462 584 -Sanctitatis
486 550 655 592 flagrantia
877 551 936 585 8b.
957 551 1085 591 Martyr
1111 552 1246 583 clemens
1272 553 1304 582 et
1329 549 1490 582 confessor

267 598 385 631 Mundi
409 600 575 639 replentur
599 599 715 639 spatia,
958 600 1034 631 Pius
1058 599 1150 631 nobis
1173 599 1365 630 intercessor

321 645 449 678 Gaudet
475 646 664 686 Cantuaria3
1010 646 1098 678 Vitae
1119 648 1231 686 poscat
1254 646 1405 686 praemia,

601 704 632 735 9.
658 702 705 735 Ut
730 702 838 734 divina
861 703 1011 742 largitate

657 751 695 783 In
721 752 851 782 aeterna
876 750 1022 781 claritate

731 795 938 830 Perfruamur
961 797 1071 838 gloria.

264 881 348 909 Miss.
369 890 423 908 ms.
445 881 620 909 Secoviense
642 889 717 908 saec.
740 879 784 908 14.
805 880 875 908 Cod.
897 880 1050 908 Graeeens.
1071 879 1135 908 456.

552 1009 620 1041 354.
661 1010 703 1041 De
725 1018 748 1040 s.
770 1010 884 1041 Thoma
906 1009 1134 1041 cantuariensi.

193 1092 209 1124 1
224 1100 251 1122 a.
278 1090 378 1122 Paulo
404 1092 458 1120 tuo
483 1089 595 1129 gaude,
620 1089 732 1127 Roma,
878 1089 936 1121 lb.
958 1089 1051 1121 Pauli
1076 1088 1213 1120 Thomas
1238 1088 1389 1128 imitator,

274 1137 320 1169 Et
343 1140 377 1168 tu
401 1139 456 1168 tuo
482 1137 599 1176 plaude
623 1136 754 1178 Thema,
959 1136 1084 1168 Praedo
1110 1134 1172 1167 fuit
1193 1138 1225 1167 et
1248 1138 1390 1167 vastator

321 1184 416 1217 Felix
442 1183 622 1223 Cantuaria,
1006 1183 1100 1215 Pacis
1128 1183 1161 1214 in
1187 1183 1329 1214 ecclesia.

192 1244 249 1275 2a.
275 1242 361 1274 Hinc
386 1250 425 1273 ex
449 1241 524 1280 lupo
548 1241 632 1272 lator
656 1240 746 1280 legis,
878 1239 935 1274 2b.
958 1240 1003 1271 Et
1025 1240 1146 1272 athleta
1171 1240 1290 1273 Christi
1315 1238 1407 1272 fortis

275 1290 391 1321 Pastor
412 1288 484 1328 pius
511 1292 543 1319 et
568 1288 630 1320 dux
656 1288 771 1327 gregis,
960 1288 1067 1319 Poena
1091 1290 1200 1327 spreta
1226 1287 1316 1318 dirae
1339 1287 1450 1319 mortis

322 1339 432 1376 Agnus
456 1336 666 1375 innocentiae,
1004 1333 1143 1365 Mortem
1166 1334 1245 1366 vicit
1267 1334 1374 1368 hodie.

194 1396 249 1427 Sa.
277 1393 409 1431 Thoma,
435 1395 557 1432 martyr
581 1392 730 1433 pretiose,
878 1390 934 1424 eb.
957 1390 1006 1422 Tu
1025 1393 1100 1430 post
1114 1390 1246 1422 Paulum
1265 1400 1337 1430 spes
1353 1391 1502 1431 secunda,

276 1440 345 1472 Fac
368 1448 425 1471 uos
449 1439 560 1470 mortis
586 1439 748 1471 taediosae
957 1437 1144 1477 Desperatis
1169 1440 1205 1469 ut
1229 1437 1368 1470 fecunda

321 1487 395 1519 Non
419 1487 533 1518 timere
557 1486 674 1525 taedia,
1006 1484 1197 1518 Conferatur
1220 1486 1324 1519 venia.

191 1547 247 1578 4a.
274 1544 349 1576 Tibi
370 1544 470 1586 lepra,
497 1543 611 1575 scabra
637 1543 731 1583 cedit,
877 1542 935 1575 4b.
963 1541 1101 1574 Claudus
1127 1542 1210 1580 salit,
1237 1543 1353 1574 surdus
1379 1543 1478 1582 audit,

272 1592 382 1624 Mutus
408 1590 504 1631 fatur,
529 1590 606 1622 orbo
631 1591 718 1622 redit
961 1589 1079 1621 Caecus
1106 1590 1217 1621 videns
1241 1590 1303 1621 tibi
1326 1591 1461 1630 plaudit,

320 1639 415 1670 Visus
438 1641 469 1670 et
492 1638 622 1680 virilia3
1006 1637 1110 1669 Tanta
1136 1638 1212 1669 data
1236 1638 1349 1678 gratia.

192 1699 248 1730 5a.
275 1694 340 1727 Per
364 1698 397 1726 te
419 1695 570 1727 membris
598 1695 755 1727 destitutis
878 1693 939 1726 5b.
962 1693 997 1725 Si
1022 1694 1064 1725 sit
1087 1692 1179 1725 firma
1203 1703 1277 1733 spes
1302 1695 1424 1735 salutis,

274 1743 406 1776 Priscae
430 1742 516 1774 redit
539 1742 586 1774 vis
610 1742 749 1781 virtutis,
959 1742 1076 1773 Fracto
1099 1741 1175 1782 jugo
1201 1742 1366 1773 servitutis

323 1790 449 1823 Cedunt
475 1798 617 1829 quaeque
639 1790 727 1831 vitia,
1006 1788 1173 1828 Fugantur
1198 1789 1374 1821 daemonia.

193 1850 248 1882 6a.
275 1846 416 1879 Verbum
435 1846 596 1886 complens
612 1846 665 1877 hic
678 1845 820 1877 divinum
879 1845 936 1879 6b.
961 1845 1044 1884 Quos
1068 1846 1242 1885 praescivit
1265 1849 1296 1877 et
1321 1847 1493 1888 praedixit,

276 1895 488 1935 Semetipsum
512 1894 728 1933 vespertinum
959 1893 1043 1925 Dum
1067 1902 1127 1932 pro
1154 1893 1280 1927 Christo
1305 1894 1359 1934 pie
1383 1895 1463 1926 vixit

322 1942 428 1989 Dedit,
447 1940 648 1982 sacrificium,
1007 1940 1126 1972 Missus
1150 1941 1184 1972 in
1210 1941 1364 1973 exsilium.

195 2002 250 2034 7a.
277 2000 315 2033 In
338 2000 468 2031 talentis
495 1998 665 2038 duplicatis
879 1998 935 2031 71).
958 1997 1003 2030 Et
1024 1997 1145 2030 idcirco
1172 2007 1241 2029 cum
1266 1998 1368 2031 beatis

275 2047 422 2080 Flamma
444 2046 572 2079 fervens
600 2046 740 2078 caritatis
959 2045 1069 2086 Regno
1095 2046 1212 2087 gaudet
1238 2047 1392 2079 claritatis

322 2095 441 2128 Laetus
466 2094 549 2126 bibit
575 2094 715 2134 calicem,
1010 2094 1098 2127 Coeli
1122 2103 1218 2134 super
1243 2095 1376 2134 apicem.

192 2156 249 2188 8a.
277 2154 355 2187 Jesu
380 2153 472 2192 bone,
499 2160 556 2183 rex
582 2151 739 2188 coelestis,
880 2151 938 2184 8b.
961 2151 1027 2183 Nos
1052 2151 1137 2182 illius
1162 2154 1335 2191 patronatu

277 2201 373 2241 Cujus
399 2200 537 2232 Thomas
564 2208 656 2231 verus
682 2199 773 2231 testis
962 2198 1132 2232 Liberatos
1155 2209 1175 2231 a
1198 2202 1289 2231 reatu

323 2249 405 2281 Viva
423 2248 531 2288 placet
552 2247 667 2287 hostia,
1009 2245 1163 2278 Transfer
1188 2248 1230 2279 ad
1256 2248 1413 2281 coelestia.

265 2336 349 2363 Miss.
377 2343 430 2362 ms.
453 2332 546 2370 Capit.
568 2332 753 2361 Olomucens.
780 2331 826 2360 45.
854 2340 929 2360 saec.
958 2331 1002 2360 15.
1026 2331 1059 2359 A.
1079 2347 1118 2351 —
1136 2333 1220 2360 Miss.
1240 2341 1293 2362 ms.
1315 2333 1507 2364 olomucense

195 2383 271 2403 saec.
295 2372 338 2402 15.
362 2373 432 2401 Cod.
453 2372 524 2401 bibl.
545 2371 627 2408 publ.
647 2372 663 2399 1
681 2372 698 2400 Ι
720 2370 746 2399 6.
766 2372 801 2399 Β.
820 2386 860 2390 —-
878 2371 961 2398 Miss.
982 2380 1036 2398 ms.
1060 2370 1252 2400 olomucense
1273 2381 1347 2407 saec,
1371 2372 1415 2402 15.
1437 2375 1506 2403 Cod.

196 2414 268 2443 bibl.
290 2413 369 2450 publ.
391 2412 405 2440 Ι
425 2411 472 2439 ΠΙ
492 2409 518 2439 9.
542 2412 572 2438 G.
596 2427 631 2431 ——
652 2410 669 2438 7
680 2419 706 2446 a,
727 2408 745 2437 2
766 2410 899 2439 Flamma
917 2410 1019 2437 fluens.
1041 2409 1097 2438 BC.

1275 2457 1336 2487 17*
