1653 2633
726 80 939 114 -6-

592 170 710 203 Versus
731 172 767 202 (le
788 173 893 202 sancto
913 169 1076 209 llartyrio.

718 238 837 268 Erster
856 237 941 267 Teil.

180 364 236 394 2a.
262 362 388 404 Lyricis
413 366 563 403 personet

261 409 378 442 fidibus
404 410 578 451 harmonia,

260 460 409 490 consonet
434 458 650 490 citharizando

260 505 399 537 carmina

257 551 449 592 subjungens
473 551 663 592 rhythmica.

176 608 234 641 3a.
259 608 298 640 In
323 608 460 648 quadam
483 608 593 648 regula

257 655 379 686 exstitit
407 654 572 687 coenobita

254 702 287 733 in
311 701 484 742 Lycaonia,

173 759 230 791 4a.
257 757 359 790 Castis
383 758 535 799 moribus,

257 806 359 837 dictus
383 806 571 847 Mar-tyrius,

256 862 415 901 Spiritah's
439 865 589 902 praeerat

255 918 311 941 cur
334 912 461 941 sanctus
483 912 577 949 pater
599 909 731 943 meritis.

173 966 227 998 5a.
254 966 365 1006 Itaque
390 967 464 998 dum
489 975 625 1007 pergens

252 1013 314 1045 iter
339 1016 483 1054 coeptum
507 1017 641 1055 teneret,

254 1061 413 1101 leprosum
439 1062 596 1102 quendam
620 1062 724 1094 virum

251 1108 285 1139 in
310 1108 362 1140 via
386 1107 469 1141 forte
495 1109 658 1149 conspicit,

750 309 780 340 1.
806 304 918 349 EJa1)‚

859 362 918 395 ab.
940 362 1083 394 Modulis
1110 362 1246 394 dulciter

856 759 914 791 4b.

856 967 913 1001 5b.

940 409 1068 441 musicis
1093 409 1225 441 uranica

939 457 1046 496 incipe
1072 457 1294 489 concelebrare

941 504 1075 544 cantica,

939 551 1082 584 mortalis
1106 551 1229 584 vocula.

909 632 916 639 .
939 608 1067 640 Merit-is
1093 609 1247 648 excelsus,

937 655 971 686 in
997 655 1124 688 Christo
1149 656 1315 697 solidatus,

937 703 971 734 in
994 701 1060 735 fide
1083 701 1238 744 fervidus,

935 760 998 792 Hic
1023 760 1065 791 ad
1090 760 1169 792 alios

937 807 1092 839 tendebat
1114 808 1286 840 monachos

937 864 1098 896 Visitandi
1121 865 1225 904 gratia

936 911 1060 943 visuros
1090 921 1180 944 caros
1206 913 1318 946 socios

937 967 1090 1000 Ulcerum
1114 977 1207 1009 quem
1233 969 1340 1002 densis

938 1015 1166 1048 circumdatum
1190 1017 1323 1049 maculis

935 1063 1028 1094 nimis
1055 1064 1259 1103 elephantina

937 1109 1106 1143 foedarant
1116 1108 1145 1155 2)
1171 1113 1273 1144 totum
1296 1112 1440 1153 vulnera,

614 1167 644 1199 6.
671 1167 809 1206 Pergere
831 1167 989 1198 volentem

671 1214 713 1245 ad
740 1214 843 1245 cubile
866 1215 1042 1255 proprium,

671 1261 728 1293 sed
752 1261 833 1293 nihil
855 1263 1102 1302 praevalentem,

670 1312 819 1349 gravatus
843 1309 1032 1342 lassitudine

669 1365 743 1388 nam
767 1357 834 1388 solo

667 1403 796 1443 jacebat
820 1405 956 1436 tramite.

694 1532 840 1563 Zweiter
861 1533 948 1563 Teil.

167 1658 224 1690 2a.
250 1656 348 1689 Sacra
373 1657 540 1698 cantilena,

247 1704 345 1736 semel
371 1703 590 1750 decantata³)‚

250 1752 411 1792 deprome,
438 1754 513 1793 quid
538 1754 714 1795 Martyrius

248 1800 348 1840 egerit

246 1850 279 1878 et
301 1856 423 1888 pauper
449 1848 576 1883 dixerit.

166 1905 220 1937 3a.
248 1904 331 1936 Nam
355 1904 457 1937 frater
480 1906 618 1946 patriam

244 1952 398 1985 tendebat
421 1953 463 1985 ad
488 1963 657 1994 supernam

242 2000 359 2032 virtute
381 2001 523 2041 praevia,

162 2057 219 2089 4a.
245 2057 303 2089 Vir
327 2059 432 2089 autem
455 2057 517 2089 Dei

245 2107 416 2136 commotus
441 2105 545 2137 animo

243 2160 431 2201 Debilisque
453 2161 583 2193 nimiam

244 2209 397 2240 miserans
422 2208 642 2241 lassitudinem

755 1604 785 1636 1.
812 1603 883 1644 Eja‚

849 1660 908 1694 2b.
932 1662 1115 1701 Hospitium
1139 1672 1276 1704 namque

845 2061 904 2095 41).

931 1718 966 1741 se
993 1709 1120 1742 dicebat
1143 1710 1263 1743 habere

931 1758 1043 1789 eodem
1067 1757 1101 1789 in
1125 1758 1250 1799 itinere,

930 1814 991 1845 quo
1017 1804 1118 1837 frater

930 1852 1059 1885 volebat
1082 1854 1227 1889 tendere.

847 1909 906 1943 3b.
930 1910 998 1950 Qua
1020 1910 1109 1942 Deus
1135 1913 1168 1942 et
1191 1912 1285 1944 homo

925 1957 1045 1998 jugiter
1070 1958 1215 1991 Christus
1240 1963 1354 2000 regnat

929 2007 961 2036 et
985 2014 1112 2045 semper
1135 2006 1271 2042 habitat.

927 2061 1057 2093 Vestem
1081 2062 1233 2095 humilem

928 2118 947 2140 a
970 2117 1005 2140 se
1028 2118 1201 2149 pr0J1c1ens

929 2165 1081 2197 Tetendit
1102 2166 1137 2198 in
1158 2168 1333 2208 pulverem,

927 2212 1046 2244 locavit
1069 2213 1103 2244 in
1127 2223 1188 2254 qua
1211 2224 1394 2255 pauperem.

235 2310 259 2346 ¹)
278 2312 350 2339 Dies
377 2313 454 2339 erste
473 2311 531 2347 Eja
553 2312 627 2339 fehlt
650 2313 683 2339 in
708 2312 759 2340 der
778 2313 833 2341 Hs.
862 2314 922 2341 und
948 2315 989 2342 ist
1007 2315 1071 2343 hier
1091 2318 1211 2352 ergiinzt
1229 2317 1305 2345 nach
1325 2318 1472 2357 Analogie

160 2350 211 2377 cler
231 2350 355 2385 iibrigen
374 2349 465 2377 Teile.
485 2365 522 2369 —
542 2347 565 2384 2)
584 2350 717 2378 foedarat
736 2351 789 2378 Hs.
809 2365 848 2370 -
867 2349 891 2387 ³)
911 2352 957 2387 eja
977 2354 1067 2381 semel
1086 2354 1141 2382 Hs.
