1653 2632
704 131 963 167 —121—

199 215 255 248 9a.
284 215 504 253 Gandavensis
529 231 621 256 sacer
646 228 762 270 coetus,

280 263 319 296 In
344 266 484 300 adventu
509 272 563 302 tuo
586 272 698 313 laetus,

279 311 327 344 Te
352 314 481 355 collegit
504 319 558 349 tuo
582 316 686 352 fretus

329 360 469 395 Ovanter
495 367 661 400 consortio.

176 413 256 448 10a.
281 415 368 449 Ecce
393 420 447 459 qui
470 421 572 454 latere
597 426 721 463 quaeris

328 464 435 498 Cellae
460 468 518 500 sub
545 472 709 512 angustiiS‚

276 511 425 546 Exaltari
449 518 641 555 promereris

324 560 487 594 Virtutum
509 566 698 603 praeconiis.

171 613 211 647 11
221 623 250 647 a.
276 615 374 659 Bam,
401 621 495 657 pater
520 623 552 651 et
574 624 718 664 patrone,

275 663 376 696 Prece
400 665 520 699 blanda
541 668 650 701 Jesum
674 679 776 711 mone,

322 711 407 744 Tuos
432 713 506 745 hinc
531 723 639 748 servos
666 721 756 750 eruat

319 758 363 790 Et
387 765 484 799 portu
508 764 576 794 tuto
600 766 728 797 statuat.

886 229 944 263 9b.
968 230 1041 263 Tibi
1067 232 1147 264 cella
1173 233 1246 265 ‹lum
1272 238 1414 276 paratur,

967 277 1075 310 Virtus
1100 279 1202 311 latens
1229 281 1417 324 denudatur,

965 325 1047 357 Nam
1074 325 1241 360 defunctus
1266 329 1351 361 vitae
1377 331 1471 363 datur

1012 373 1079 405 Tuo
1104 376 1291 414 patrocinio.

860 428 940 461 10b.
964 429 1036 461 Hoc
1060 439 1117 462 rex
1140 431 1196 463 ille
1219 435 1342 474 potens,
1371 435 1469 476 dives,

1012 476 1106 517 CuJ'us
1130 478 1163 509 in
1188 479 1336 520 obsequio

962 524 1122 567 Militasti,
1153 535 1225 558 suos
1252 528 1335 561 cives

1008 571 1100 604 Ditat
1124 573 1285 608 beneficio.

855 626 897 659 11
907 627 936 660 b.
960 629 1037 661 Jesu
1061 630 1137 669 vita,
1163 632 1241 664 Jesu
1264 632 1356 673 bone,

959 675 1124 709 Mediante
1148 687 1205 710 nos
1230 680 1358 712 Bavone

1004 724 1147 757 Eductos
1172 727 1283 759 mundi
1304 726 1449 761 fluctibus

1007 771 1095 804 Coeli
1121 774 1303 806 conscribas
1330 776 1460 811 civibus.

240 823 323 850 Miss.
344 833 396 852 ms.
418 824 632 856 Sloterdieense
651 831 721 857 anni
742 829 824 860 1480.
847 831 916 861 Ood.
933 835 1087 863 Hafniens.
1107 837 1204 865 Thott.
1222 838 1284 867 Fol.
1309 838 1371 868 145.
1387 839 1425 869 A.
1439 858 1477 862 ——

164 859 247 888 Miss.
267 860 494 897 Ultrajectinum
514 866 584 901 imp.
604 867 792 904 Antwcrpiae
813 868 896 898 1540.
915 873 948 900 B.
969 889 1007 892 —
1028 873 1076 908 lh,
1098 872 1116 902 3
1139 877 1267 904 ccncinit
1279 877 1312 905 B.
1333 894 1372 898 ——
1391 877 1442 913 2a,
1457 878 1475 907 2

166 899 196 924 et
223 898 297 926 fehlt
324 900 358 927 B.
383 915 422 920 -—
448 901 498 933 5a,
520 901 538 929 2
570 904 667 932 Fax-us
693 908 775 942 prius
801 908 835 935 Β.
864 924 901 928 -
928 909 978 946 5a,
1005 909 1023 939 3
1050 920 1156 940 vernas
1188 914 1222 941 B.
1243 929 1281 933 —
1301 915 1350 950 7a,
1374 916 1388 945 1
1418 919 1476 946 sita

164 934 281 964 Christo
301 938 334 964 B.
356 953 396 958 —
414 937 464 973 83,
488 939 502 968 1
523 941 605 969 Aura
623 942 683 971 AB.
704 959 740 963 —
762 943 813 980 9a,
830 945 843 973 1
870 947 1057 976 Gandavenis
1074 950 1115 984 A3
1137 951 1272 980 Gandavi
1291 955 1374 982 venis
1389 955 1422 982 B.
1437 971 1475 974 —

165 971 198 1001 11
208 982 233 1008 a,
254 973 272 1001 2
292 975 395 1004 Jesum
414 985 500 1006 move
519 979 554 1006 A.
575 995 612 1000 —
633 979 701 1016 11a,
722 980 740 1010 3
762 984 824 1011 Nos
846 984 915 1013 hinc
931 986 964 1013 B.

581 1071 642 1103 156.
682 1073 726 1104 De
750 1076 857 1106 sancto
878 1076 1053 1110 Benedicto.

619 1144 645 1175 1.
672 1143 790 1184 Magna
814 1146 944 1179 laudum

160 1193 216 1226 2a.
242 1194 501 1237 Hymnorumque

242 1250 423 1280 promamus

240 1297 318 1320 voce
343 1291 477 1322 solemni

156 1345 211 1377 3a.
240 1344 342 1399 Cujus·
360 1356 420 1386 per
444 1348 553 1380 orbem

238 1400 365 1433 egreg1a

239 1440 362 1473 clarent
385 1443 517 1483 merita3

152 1497 209 1529 4a.
235 1496 299 1529 Hic
319 1497 384 1530 fide
408 1498 520 1541 fretus,

236 1545 369 1577 caritate
392 1548 594 1590 praecipuus,

151 1601 206 1634 5a.
234 1601 294 1640 Qui
320 1612 402 1643 pura
425 1605 564 1638 munitus

232 1648 306 1685 fide.
334 1655 463 1684 ornatus
489 1657 599 1693 aperte

151 1707 207 1739 6a.
234 1706 328 1739 Nunc
351 1711 536 1747 perenniter

232 1754 362 1787 additus
389 1757 533 1789 candidis

231 1801 316 1833 vitae
339 1804 476 1842 pascuis,

846 1202 906 1235 2b.
929 1203 1038 1236 Sancti
1061 1206 1163 1245 patris

926 1251 1094 1284 Benedicti

928 1299 1011 1331 diem
1038 1300 1195 1333 celebrem
1205 1313 1212 1342 ;

843 1354 902 1387 3b.
927 1355 986 1394 Qui
1010 1357 1119 1389 mundi
1146 1368 1226 1391 vana

925 1403 1087 1436 devicerat

923 1450 1143 1486 oblectamina.

839 1505 897 1541 41).
918 1506 1037 1539 Rector
1061 1509 1233 1545 modestus,

923 1554 1035 1587 doctor
1059 1559 1091 1587 et
1114 1558 1318 1597 apostolicus,

839 1610 896 1644 5b.
921 1612 1078 1653 Fulgebat
1102 1614 1135 1646 in
1159 1617 1277 1649 mundo

918 1659 1025 1692 lumen
1049 1665 1086 1693 ut
1109 1663 1142 1694 in
1169 1665 1372 1698 candelabro.

836 1715 895 1748 61).
919 1716 1037 1755 Quibus
1062 1720 1179 1759 gaudia

917 1765 1063 1797 redolent
1087 1768 1225 1800 maxima

918 1815 1031 1844 cuncta
1056 1822 1114 1852 per
1138 1816 1276 1854 saecula,

607 1864 638 1898 7.
664 1864 727 1897 Pro
752 1866 844 1898 nobis
871 1876 997 1908 semper

662 1911 820 1952 imploret.

222 1972 311 2001 Grad.
331 1982 383 2001 ms.
406 1974 620 2003 Ottoburanum
640 1985 715 2005 saec.
733 1976 777 2007 12.
798 1978 869 2007 Olm.
890 1981 1058 2010 Monacens.
1079 1981 1189 2012 27130.
1203 2001 1241 2005 —
1261 1985 1310 2021 5a,
1328 1986 1342 2016 1
1363 1988 1458 2025 plura.

564 2068 622 2100 157.
662 2070 706 2101 De
725 2072 832 2104 sancto
853 2072 1028 2106 Benedicto.

169 2138 224 2171 la.
249 2137 304 2170 Ad
322 2137 503 2170 mirandum
528 2142 560 2171 et
577 2140 772 2174 laudandum
854 2143 913 2176 1b.
936 2145 1002 2177 Nos
1026 2146 1142 2179 invitat
1165 2151 1261 2189 atque
1285 2151 1361 2183 citat

297 2185 428 2218 Domini
451 2188 611 2227 magnalia

166 2245 221 2277 2a.
249 2243 313 2275 Hic
338 2246 388 2275 est
413 2243 515 2276 dictus
541 2244 733 2279 Benedictus

296 2291 443 2334 Nomine,
469 2292 542 2332 plus
567 2294 681 2334 gratia,

163 2349 220 2382 3a.
246 2349 309 2382 Dei
332 2358 427 2382 verus
457 2353 489 2381 et
512 2350 654 2383 sincerus

294 2397 406 2431 Cultor
430 2397 469 2430 ab
494 2397 631 2431 infantia

981 2194 1087 2226 Patris
1112 2197 1214 2229 nostri
1238 2198 1348 2238 gloria.

852 2249 912 2282 21).
935 2250 1034 2289 Quem
1058 2252 1210 2286 instruxit
1236 2258 1268 2287 et
1291 2259 1442 2297 perduxit

981 2299 1035 2331 Ad
1059 2308 1095 2331 se
1118 2302 1285 2342 sapientia.

852 2354 909 2388 3b.
931 2355 1016 2397 Urit,
1043 2361 1140 2398 secat,
1165 2360 1274 2402 vincit,
1300 2368 1393 2398 necat

981 2405 1093 2438 Carnis
1118 2407 1149 2439 in
1176 2417 1210 2441 se
1236 2410 1322 2447 vitia,
