1653 2632
670 137 929 173 —181—

529 237 598 268 242.
638 239 683 270 Dc
706 247 731 270 s.
752 239 892 272 Johanne
910 241 1064 282 Baptista.

143 295 199 328 la.
228 295 348 329 Christi
372 297 514 337 baptista
831 301 887 334 lb.
910 302 1020 334 Natali
1042 312 1097 335 suo

224 344 423 383 permaxima
911 351 1090 382 accumulat

223 391 334 423 mundi
361 392 443 424 dona
910 397 1034 437 gaudiis
1062 398 1262 431 celebranda.

139 447 198 479 2a.
227 446 375 479 Sterilem
399 451 534 481 matrem
828 452 887 486 ab.
908 454 1014 486 Patris
1038 457 1071 486 et
1092 455 1218 495 linguae

224 495 364 527 reddens
389 495 569 540 fecundam,
908 501 1033 533 solvens
1059 502 1196 536 vincula.

139 552 200 585 3a.
227 550 415 585 Sanctorum
440 554 555 585 merita
827 556 884 591 3b.
907 557 967 597 Qui
991 558 1076 590 solus
1100 558 1222 591 indicat

224 601 256 630 et
281 608 491 639 supernorum
514 603 627 633 cuncta
907 605 1033 636 nomine
1055 609 1086 636 et
1109 606 1221 647 gloria.

136 655 196 687 4a.
224 655 323 694 Quem
347 657 487 688 nondum
512 657 636 689 viscera
824 660 884 693 4b.
907 660 1067 693 Christum
1092 663 1123 694 in
1149 665 1239 695 utero

221 705 366 735 materna
389 702 613 745 profuderant,
906 709 1055 749 virginali
1081 713 1233 744 senserat.

138 759 197 791 5a.
224 760 455 801 Archangelus,
482 762 623 802 angelus,
825 764 885 797 5b.
906 765 1013 805 Vates,
1038 766 1195 806 propheta
1220 770 1251 799 et
1276 768 1347 807 plus

219 807 415 848 patriarcha,
906 821 999 852 quam
1024 814 1190 853 propheta.

135 864 194 895 6a.
221 863 302 903 Vox,
328 864 426 896 index
451 867 483 896 et
506 875 632 906 praeco,
824 868 883 902 6b.
904 868 974 900 Nec
997 878 1060 901 non
1085 871 1257 911 apostolus,

219 912 379 950 sacerdos,
405 921 595 951 praecursor
906 916 1003 947 eremi
1028 917 1139 956 cultor,

221 961 253 989 et
276 958 429 1000 baptista,
905 963 1106 996 anachoreta.

137 1014 195 1046 Va.
224 1014 340 1054 Sponsi
365 1015 407 1047 ad
431 1017 549 1055 gaudia
822 1018 879 1051 7b.
901 1019 1171 1060 Evangelistaque

223 1062 485 1095 collaetabundus
902 1066 1001 1109 virgo,
1028 1066 1191 1099 confessor

219 1109 349 1150 amicus,
376 1113 450 1142 vota
904 1115 936 1144 et
962 1115 1209 1155 paranymphus,

219 1156 301 1188 votis
326 1157 523 1197 ingeminans
548 1157 611 1200 pia,
903 1160 1020 1192 ardens
1044 1161 1216 1202 lucensque
1239 1163 1379 1197 lucerna.

131 1213 192 1245 8a.
218 1212 263 1244 Et
291 1213 444 1245 virtutum
469 1214 579 1246 schola
820 1215 880 1248 8b.
902 1216 1123 1249 Poenitentum
1148 1219 1209 1258 via,

217 1260 459 1301 sanctitatisque
483 1260 595 1301 forma,
901 1267 1105 1303 peccatorum
1130 1266 1231 1298 venia.

133 1316 193 1348 9a.
220 1317 361 1356 Ideoque
385 1326 463 1349 voce
486 1318 588 1357 major
820 1319 878 1352 9b.
902 1319 1010 1360 Stirpe
1034 1322 1218 1362 progenitus
1245 1325 1348 1355 exstat

218 1372 256 1394 ex
283 1364 440 1396 dominica
902 1367 942 1398 de
966 1366 1103 1401 feminea

569 1422 623 1454 10.
650 1421 810 1454 Johannes
835 1426 945 1455 auctus

645 1469 678 1500 in
705 1472 827 1504 cuncta.

206 1522 323 1551 Prosar.
344 1532 397 1551 ms.
417 1524 614 1552 Laudunense
633 1533 709 1553 saec.
729 1524 772 1553 12.
794 1525 863 1554 Cod.
884 1527 1072 1555 Laudunens.
1087 1526 1152 1557 263.
1172 1530 1207 1557 A.
1228 1546 1265 1550 —
1284 1531 1367 1559 Miss.
1388 1540 1441 1559 ms.

129 1561 317 1589 Parisiense‘?
338 1569 414 1589 saec.
440 1560 481 1590 ¹3.
504 1561 572 1590 Cod.
593 1563 725 1591 Patiens.
746 1562 811 1592 833.
845 1565 903 1592 Mit
914 1566 983 1593 Mel.
1002 1567 1034 1594 B.
1055 1583 1092 1587 —
1112 1565 1163 1601 2b,
1186 1567 1200 1596 1
1224 1571 1253 1596 et
1271 1568 1345 1597 fehlt
1357 1570 1407 1597 B.⁴

131 1596 186 1631 21),
208 1596 226 1625 2
252 1600 342 1627 solvit
360 1600 393 1627 B.
420 1615 455 1619 —
485 1600 542 1628 Str.
557 1598 602 1628 3a
620 1610 649 1628 u.
669 1602 688 1629 b
714 1602 812 1629 fehlen
834 1603 867 1630 A.
897 1618 932 1622 —
957 1603 1009 1637 4a,
1036 1603 1049 1631 1
1080 1605 1172 1639 Quem
1192 1607 1331 1634 mundum
1352 1608 1383 1635 B.
1405 1623 1442 1627 —

126 1635 182 1669 4b,
205 1635 219 1664 1
236 1645 279 1673 sq.
299 1637 341 1665 Et
361 1637 509 1665 Christum
529 1639 561 1665 in
578 1639 647 1666 aula
665 1642 798 1667 materna
820 1644 1024 1676 praesenserat
1043 1643 1076 1670 B.
1153 1642 1207 1678 5b,
1229 1644 1244 1672 1
1267 1648 1355 1681 atque
1375 1646 1441 1681 plus

129 1675 163 1702 A.
186 1693 222 1696 --
243 1674 294 1709 9a,
317 1674 334 1702 2
356 1684 372 1703 e
391 1675 539 1704 <lominica
557 1677 593 1704 A.

482 1748 549 1780 243.
590 1749 624 1781 In
646 1749 819 1781 Nativitate
839 1759 863 1782 s.
884 1752 1036 1784 Johannis
1058 1754 1089 1784 B.

587 1813 619 1845 1.
644 1811 781 1844 Exsulta
807 1813 930 1844 coelum

647 1861 679 1890 et
702 1858 823 1890 laetare
845 1861 932 1892 terra

644 1905 823 1946 Christique
851 1909 956 1940 turma

126 1963 186 1995 2a.
214 1962 438 1994 Praecursoris
463 1963 547 1995 alma
814 1964 872 1999 2b.
895 1965 981 1997 Voce
1006 1965 1126 1999 Christi
1159 1970 1269 2000 sancta

210 2009 420 2042 solemnizans
443 2010 522 2042 haec
547 2009 639 2052 festa,
897 2015 945 2044 est
970 2013 1024 2053 qui
1048 2014 1159 2046 mundi
1183 2016 1325 2051 lucerna.

123 2068 183 2101 3a.
212 2066 308 2107 Cujus
333 2067 485 2099 nativitas
813 2069 872 2103 3b.
893 2070 1013 2110 Ampla
1036 2071 1146 2104 mundi
1172 2081 1270 2113 regna

209 2117 258 2146 est
281 2117 353 2146 orta
377 2115 551 2156 praecipua
893 2118 965 2150 luce
988 2127 1102 2160 magna
1126 2120 1255 2153 radians

210 2161 262 2194 die
286 2162 359 2205 ista,
893 2166 1052 2200 universa.

121 2221 182 2254 4a.
208 2219 406 2252 Har-monica
811 2222 871 2258 4b.
892 2223 938 2255 Et
958 2223 1062 2263 jubila

209 2267 351 2300 melodia
895 2271 1054 2304 clarisona

206 2324 373 2356 concrepa,
894 2319 1066 2361 proclama,

204 2363 402 2404 palinodiam
428 2367 521 2397 canta
648 2380 651 2386 ·
893 2367 1030 2407 qualiter
1053 2368 1087 2401 in
1112 2369 1172 2402 hac
1198 2370 1251 2402 die

205 2420 283 2444 voce
310 2412 506 2446 laetabunda
890 2416 933 2447 sit
957 2419 1049 2448 natus
1075 2417 1226 2458 baptista.
