1653 2632
706 133 967 170 —167—

182 225 238 257 5a.
265 224 370 266 Salve,
396 230 520 268 martyr
544 229 690 270 gloriose,
867 230 924 264 5b.
947 232 1015 263 Tuo
1040 230 1115 264 lava
1138 240 1195 263 nos
1221 239 1342 272 cruore,

265 272 325 305 Vir
347 273 483 307 illustris
509 278 542 307 et
564 275 696 317 famose,
949 278 1017 310 Tuo
1042 276 1115 311 fove
1139 287 1197 310 nos
1221 287 1338 321 amore,

311 320 417 362 Digne
440 322 529 355 mille
551 324 711 367 laudibus,
996 325 1073 357 Tuis
1098 325 1188 357 salva
1212 326 1372 366 precibus.

259 386 342 414 Miss-
363 396 417 415 ms.
437 387 647 417 Herfordiense
668 397 742 417 saec.
766 387 810 417 15.
832 389 901 417 Cod.
922 389 1102 418 Berolinens.
1122 390 1185 418 Fol.
1206 388 1271 418 443.

521 478 588 510 223.
629 480 673 511 De
693 488 733 511 ss.
755 480 908 513 Gordiano
930 482 961 513 et
980 481 1156 522 Epimacho.

644 551 675 583 1.
703 550 914 582 Gaudendum
938 551 1041 592 nobis,

701 597 837 630 suadent
861 598 954 637 huius

703 645 768 677 dici
791 643 884 685 festa,

187 699 243 730 2a.
271 697 434 731 Victorum
458 708 559 740 agone
871 701 930 734 2b.
953 701 1126 741 Palmaque
1149 703 1283 741 perenni

268 753 381 778 serena
956 748 1072 783 dicata.

185 802 243 834 3a.
270 801 354 841 Quos
380 803 452 842 pius
477 806 573 844 atque
597 803 702 837 fidelis
873 805 930 839 3b.
954 805 1100 837 Praemia
1126 806 1324 846 congaudens
1349 807 1428 846 ipsis

267 849 444 889 imperator
953 853 1150 892 perduxerat

270 900 344 936 post
366 897 454 929 bella
477 901 610 937 peracta
957 900 1093 932 clemens
1118 901 1159 932 ad
1185 903 1324 934 aeterna.

186 955 247 987 4a.
274 954 358 986 Nam
384 953 592 997 Gordianum,
874 956 934 989 4b.
957 955 1046 987 Nutu
1071 957 1200 988 coelesti

270 1001 391 1041 perditi
416 1001 572 1042 principis
955 1003 1107 1035 monitum
1134 1004 1241 1035 docuit

271 1049 476 1080 subsecutum
956 1050 1090 1082 meliora

270 1098 344 1128 vota
370 1096 519 1138 maligna,
957 1097 1064 1129 subire
1088 1100 1201 1130 castra.

187 1154 243 1187 5a.
270 1152 315 1185 Et
337 1152 434 1193 idem,
876 1154 932 1186 5b.
954 1154 1104 1186 Protinus

271 1199 325 1240 qui
349 1200 439 1240 prius
463 1203 592 1232 terrena
957 1201 1093 1240 impiger
1118 1204 1151 1232 et
1173 1201 1279 1233 audax

271 1248 397 1279 nescius
957 1247 1092 1287 belliger

274 1294 445 1327 exercebat
468 1295 568 1334 lucra,
958 1295 1131 1334 assumpsit
1153 1304 1301 1335 superna.

190 1354 246 1386 6a.
273 1351 380 1385 Judex
405 1351 521 1391 impius
876 1351 934 1385 6b.
955 1352 1034 1384 Post
1056 1352 1268 1391 Epimachum

271 1399 376 1430 uritur
957 1399 1105 1439 volitans,

271 1446 321 1478 ira
345 1454 442 1478 saeva
959 1454 1052 1486 quem
1068 1446 1135 1485 jam
1162 1446 1282 1479 <ludum

270 1495 457 1534 martyrque
481 1493 621 1526 laetatur
958 1494 1018 1525 hac
1040 1493 1092 1525 <lie
1118 1494 1242 1526 colebat

270 1544 376 1573 mente
402 1541 499 1582 clara,
958 1540 1050 1581 plebs
1074 1549 1222 1582 superna.

189 1600 248 1633 7a.
273 1598 397 1631 Horum
421 1606 495 1638 ergo
520 1597 653 1638 meritis,
878 1597 937 1632 7b.
959 1598 1097 1637 Quorum
1121 1598 1232 1631 laudes
1257 1599 1299 1631 ad
1324 1601 1409 1630 tuam

270 1645 416 1688 Domine,
958 1645 1091 1685 gloriam

271 1693 509 1734 supplicantum
959 1693 1155 1725 celebramus

271 1743 361 1781 terge
384 1740 511 1782 delicta,
958 1748 1036 1772 voce
1062 1740 1185 1773 devota.

591 1797 623 1829 8.
650 1796 698 1828 Tu
724 1804 808 1836 rege,
836 1796 972 1837 Christe,
1000 1797 1106 1829 corda.

188 1864 352 1929 man'ELrpp.
372 1871 427 1890 ms.
447 1861 601 1889 Mindense
622 1863 693 1889 anni
714 1859 796 1889 1024.
819 1860 887 1889 Cod.
908 1861 1089 1889 Berolinens.
1109 1862 1160 1889 IV.
1183 1860 1226 1889 11.
1249 1877 1287 1881 -—
1306 1861 1392 1889 Met.-
1419 1861 1506 1897 „Ro-

620 1968 689 1999 224.
728 1968 772 1999 De
793 1968 901 2000 sancto
923 1968 1086 2009 Gorgonio.

650 2041 681 2073 1.
709 2039 864 2072 Concinat

707 2087 800 2127 plebs
828 2087 944 2119 devota
965 2086 1078 2119 laudes

709 2135 799 2176 coeli,
825 2137 932 2166 terrae
956 2134 1092 2166 Domino

189 2196 247 2227 Za.
273 2193 414 2227 Vocibus
440 2193 573 2225 alternis
876 2192 936 2224 21).
963 2191 1120 2224 Carminis
1146 2195 1178 2223 et
1202 2192 1291 2225 suavi

272 2241 494 2282 organicisque
524 2240 661 2273 modulis
961 2239 1197 2280 congeminetur
1217 2240 1366 2282 jubilum,

189 2301 246 2334 312.
272 2299 368 2332 Hunc
395 2299 479 2332 diem
503 2298 704 2339 praeclarum
878 2296 935 2330 3b.
957 2296 1084 2328 Nobilis
1109 2297 1250 2330 athletae

271 2347 325 2388 qui
350 2347 443 2380 nobis
957 2345 1125 2384 praeclaro

273 2398 306 2428 et
327 2395 501 2437 gloriosum
526 2393 673 2427 reddidit
963 2393 1135 2425 certamine
1162 2393 1325 2434 Gorgonii.
