<?xml version="1.0" encoding="UTF-8"?>
<!DOCTYPE html PUBLIC "-//W3C//DTD XHTML 1.0 Transitional//EN"
    "http://www.w3.org/TR/xhtml1/DTD/xhtml1-transitional.dtd">
<html xmlns="http://www.w3.org/1999/xhtml" xml:lang="en" lang="en">
 <head>
  <title>
</title>
<meta http-equiv="Content-Type" content="text/html;charset=utf-8" />
  <meta name='ocr-system' content='tesseract 3.04.00' />
  <meta name='ocr-capabilities' content='ocr_page ocr_carea ocr_par ocr_line ocrx_word'/>
</head>
<body>
  <div class='ocr_page' id='page_1' title='image "./analectahymnica09drevuoft_00084.png"; bbox 0 0 1653 2632; ppageno 0'>
   <div class='ocr_carea' id='block_1_1' title="bbox 607 587 1027 625">
    <p class='ocr_par' dir='ltr' id='par_1_1' title="bbox 607 587 1027 625">
     <span class='ocr_line' id='line_1_1' title="bbox 607 587 1027 625; baseline 0.017 -7"><span class='ocrx_word' id='word_1_1' title='bbox 607 587 662 619; x_wconf 91' lang='lat'>101.</span> <span class='ocrx_word' id='word_1_2' title='bbox 695 589 739 621; x_wconf 87' lang='lat' dir='ltr'>De</span> <span class='ocrx_word' id='word_1_3' title='bbox 758 592 865 623; x_wconf 83' lang='lat' dir='ltr'>saneto</span> <span class='ocrx_word' id='word_1_4' title='bbox 888 593 1027 625; x_wconf 83' lang='lat' dir='ltr'>Achatio.</span> 
     </span>
    </p>
   </div>
   <div class='ocr_carea' id='block_1_2' title="bbox 149 652 1410 1904">
    <p class='ocr_par' dir='ltr' id='par_1_2' title="bbox 149 652 1410 1904">
     <span class='ocr_line' id='line_1_2' title="bbox 163 652 1265 708; baseline 0.013 -23"><span class='ocrx_word' id='word_1_5' title='bbox 163 652 219 686; x_wconf 76' lang='lat' dir='ltr'>la.</span> <span class='ocrx_word' id='word_1_6' title='bbox 244 654 367 686; x_wconf 89' lang='lat' dir='ltr'>Psallat</span> <span class='ocrx_word' id='word_1_7' title='bbox 392 656 492 687; x_wconf 87' lang='lat' dir='ltr'>omnis</span> <span class='ocrx_word' id='word_1_8' title='bbox 516 658 614 697; x_wconf 82' lang='lat' dir='ltr'>regio,</span> <span class='ocrx_word' id='word_1_9' title='bbox 852 662 909 694; x_wconf 85' lang='lat' dir='ltr'>1b.</span> <span class='ocrx_word' id='word_1_10' title='bbox 935 663 1137 697; x_wconf 71' lang='lat' dir='ltr'>celebremus</span> <span class='ocrx_word' id='word_1_11' title='bbox 1161 666 1265 708; x_wconf 70' lang='lat' dir='ltr'>hodie,</span> 
     </span>
     <span class='ocr_line' id='line_1_3' title="bbox 244 701 1341 750; baseline 0.015 -19"><span class='ocrx_word' id='word_1_12' title='bbox 244 701 405 733; x_wconf 80' lang='lat' dir='ltr'>Dacantet</span> <span class='ocrx_word' id='word_1_13' title='bbox 430 711 500 734; x_wconf 88' lang='lat' dir='ltr'>cum</span> <span class='ocrx_word' id='word_1_14' title='bbox 525 705 641 744; x_wconf 85' lang='lat' dir='ltr'>gaudio</span> <span class='ocrx_word' id='word_1_15' title='bbox 932 710 1026 743; x_wconf 85' lang='lat' dir='ltr'>Nunc</span> <span class='ocrx_word' id='word_1_16' title='bbox 1052 713 1120 744; x_wconf 88' lang='lat' dir='ltr'>dies</span> <span class='ocrx_word' id='word_1_17' title='bbox 1147 716 1193 745; x_wconf 87' lang='lat' dir='ltr'>est</span> <span class='ocrx_word' id='word_1_18' title='bbox 1220 715 1341 750; x_wconf 79' lang='lat' dir='ltr'>veniae,</span> 
     </span>
     <span class='ocr_line' id='line_1_4' title="bbox 290 748 1335 797; baseline 0.015 -18"><span class='ocrx_word' id='word_1_19' title='bbox 290 748 470 791; x_wconf 82' lang='lat' dir='ltr'><strong>Martyrum</strong></span> <span class='ocrx_word' id='word_1_20' title='bbox 495 751 659 792; x_wconf 86' lang='lat' dir='ltr'>solemnia,</span> <span class='ocrx_word' id='word_1_21' title='bbox 978 759 1056 791; x_wconf 86' lang='lat' dir='ltr'>Dies</span> <span class='ocrx_word' id='word_1_22' title='bbox 1082 762 1131 791; x_wconf 84' lang='lat' dir='ltr'>est</span> <span class='ocrx_word' id='word_1_23' title='bbox 1153 761 1335 797; x_wconf 75' lang='lat' dir='ltr'>laetissima.</span> 
     </span>
     <span class='ocr_line' id='line_1_5' title="bbox 160 804 1307 856; baseline 0.014 -21"><span class='ocrx_word' id='word_1_24' title='bbox 160 804 217 836; x_wconf 83' lang='lat' dir='ltr'>2a.</span> <span class='ocrx_word' id='word_1_25' title='bbox 243 804 281 836; x_wconf 89' lang='lat' dir='ltr'>In</span> <span class='ocrx_word' id='word_1_26' title='bbox 306 813 368 844; x_wconf 90' lang='lat' dir='ltr'>qua</span> <span class='ocrx_word' id='word_1_27' title='bbox 393 807 495 838; x_wconf 90' lang='lat' dir='ltr'>sancti</span> <span class='ocrx_word' id='word_1_28' title='bbox 519 817 677 850; x_wconf 73' lang='lat' dir='ltr'><strong>martyres</strong></span> <span class='ocrx_word' id='word_1_29' title='bbox 849 813 907 846; x_wconf 74' lang='lat' dir='ltr'>ab.</span> <span class='ocrx_word' id='word_1_30' title='bbox 928 814 987 853; x_wconf 81' lang='lat' dir='ltr'>Qui</span> <span class='ocrx_word' id='word_1_31' title='bbox 1011 819 1187 856; x_wconf 76' lang='lat' dir='ltr'>pugnantes</span> <span class='ocrx_word' id='word_1_32' title='bbox 1212 819 1307 851; x_wconf 83' lang='lat' dir='ltr'>hodie</span> 
     </span>
     <span class='ocr_line' id='line_1_6' title="bbox 243 851 1346 905; baseline 0.015 -22"><span class='ocrx_word' id='word_1_33' title='bbox 243 851 395 884; x_wconf 85' lang='lat' dir='ltr'>Crucifixi</span> <span class='ocrx_word' id='word_1_34' title='bbox 420 857 495 885; x_wconf 79' lang='lat' dir='ltr'>sunt</span> <span class='ocrx_word' id='word_1_35' title='bbox 519 864 625 888; x_wconf 85' lang='lat' dir='ltr'>omnes</span> <span class='ocrx_word' id='word_1_36' title='bbox 929 859 1069 902; x_wconf 84' lang='lat' dir='ltr'>Propter</span> <span class='ocrx_word' id='word_1_37' title='bbox 1092 864 1198 896; x_wconf 90' lang='lat' dir='ltr'>lumen</span> <span class='ocrx_word' id='word_1_38' title='bbox 1222 867 1346 905; x_wconf 85' lang='lat' dir='ltr'>patriae</span> 
     </span>
     <span class='ocr_line' id='line_1_7' title="bbox 289 898 1327 954; baseline 0.014 -24"><span class='ocrx_word' id='word_1_39' title='bbox 289 898 374 931; x_wconf 85' lang='lat' dir='ltr'>Fere</span> <span class='ocrx_word' id='word_1_40' title='bbox 401 901 509 933; x_wconf 87' lang='lat' dir='ltr'>decem</span> <span class='ocrx_word' id='word_1_41' title='bbox 534 903 646 937; x_wconf 88' lang='lat' dir='ltr'>millia.</span> <span class='ocrx_word' id='word_1_42' title='bbox 976 909 1087 941; x_wconf 86' lang='lat' dir='ltr'>Mente</span> <span class='ocrx_word' id='word_1_43' title='bbox 1110 911 1327 954; x_wconf 82' lang='lat' dir='ltr'>invictissima,</span> 
     </span>
     <span class='ocr_line' id='line_1_8' title="bbox 159 955 1342 1013; baseline 0.012 -26"><span class='ocrx_word' id='word_1_44' title='bbox 159 955 215 987; x_wconf 82' lang='lat' dir='ltr'>3a.</span> <span class='ocrx_word' id='word_1_45' title='bbox 242 955 273 986; x_wconf 90' lang='lat' dir='ltr'>A</span> <span class='ocrx_word' id='word_1_46' title='bbox 298 957 437 997; x_wconf 84' lang='lat' dir='ltr'>maligno</span> <span class='ocrx_word' id='word_1_47' title='bbox 460 959 570 997; x_wconf 84' lang='lat' dir='ltr'>judice</span> <span class='ocrx_word' id='word_1_48' title='bbox 847 963 905 997; x_wconf 83' lang='lat' dir='ltr'>3b.</span> <span class='ocrx_word' id='word_1_49' title='bbox 928 965 1047 998; x_wconf 86' lang='lat' dir='ltr'>Caesar</span> <span class='ocrx_word' id='word_1_50' title='bbox 1070 975 1204 1007; x_wconf 81' lang='lat' dir='ltr'>nequam</span> <span class='ocrx_word' id='word_1_51' title='bbox 1229 969 1342 1013; x_wconf 80' lang='lat' dir='ltr'>timuit,</span> 
     </span>
     <span class='ocr_line' id='line_1_9' title="bbox 241 1001 1324 1054; baseline 0.015 -21"><span class='ocrx_word' id='word_1_52' title='bbox 241 1001 323 1034; x_wconf 78' lang='lat' dir='ltr'>Sunt</span> <span class='ocrx_word' id='word_1_53' title='bbox 345 1005 494 1044; x_wconf 83' lang='lat' dir='ltr'>perplexi</span> <span class='ocrx_word' id='word_1_54' title='bbox 519 1007 645 1039; x_wconf 86' lang='lat' dir='ltr'>vindice</span> <span class='ocrx_word' id='word_1_55' title='bbox 925 1011 1023 1052; x_wconf 86' lang='lat' dir='ltr'>Signa</span> <span class='ocrx_word' id='word_1_56' title='bbox 1045 1023 1160 1054; x_wconf 87' lang='lat' dir='ltr'>magna</span> <span class='ocrx_word' id='word_1_57' title='bbox 1184 1019 1219 1047; x_wconf 88' lang='lat' dir='ltr'>ut</span> <span class='ocrx_word' id='word_1_58' title='bbox 1243 1017 1324 1049; x_wconf 84' lang='lat' dir='ltr'>vidit</span> 
     </span>
     <span class='ocr_line' id='line_1_10' title="bbox 289 1051 1338 1097; baseline 0.013 -16"><span class='ocrx_word' id='word_1_59' title='bbox 289 1051 428 1090; x_wconf 88' lang='lat' dir='ltr'>Propter</span> <span class='ocrx_word' id='word_1_60' title='bbox 452 1061 559 1093; x_wconf 86' lang='lat' dir='ltr'>regem</span> <span class='ocrx_word' id='word_1_61' title='bbox 584 1055 714 1095; x_wconf 81' lang='lat' dir='ltr'>gloriae.</span> <span class='ocrx_word' id='word_1_62' title='bbox 975 1060 1005 1091; x_wconf 91' lang='lat' dir='ltr'>A</span> <span class='ocrx_word' id='word_1_63' title='bbox 1032 1060 1150 1093; x_wconf 89' lang='lat' dir='ltr'>Christi</span> <span class='ocrx_word' id='word_1_64' title='bbox 1173 1063 1338 1097; x_wconf 84' lang='lat' dir='ltr'>militibus.</span> 
     </span>
     <span class='ocr_line' id='line_1_11' title="bbox 158 1105 1305 1158; baseline 0.014 -22"><span class='ocrx_word' id='word_1_65' title='bbox 158 1106 216 1138; x_wconf 85' lang='lat' dir='ltr'>4a.</span> <span class='ocrx_word' id='word_1_66' title='bbox 246 1105 408 1139; x_wconf 82' lang='lat' dir='ltr'>Carcera&#39;ti</span> <span class='ocrx_word' id='word_1_67' title='bbox 432 1112 505 1141; x_wconf 88' lang='lat' dir='ltr'>sunt</span> <span class='ocrx_word' id='word_1_68' title='bbox 530 1110 616 1142; x_wconf 88' lang='lat' dir='ltr'>beati</span> <span class='ocrx_word' id='word_1_69' title='bbox 844 1114 903 1146; x_wconf 87' lang='lat' dir='ltr'>4b.</span> <span class='ocrx_word' id='word_1_70' title='bbox 927 1114 1073 1148; x_wconf 85' lang='lat' dir='ltr'>Seniores</span> <span class='ocrx_word' id='word_1_71' title='bbox 1099 1118 1305 1158; x_wconf 71' lang='lat' dir='ltr'>advenerunt,</span> 
     </span>
     <span class='ocr_line' id='line_1_12' title="bbox 238 1153 1311 1199; baseline 0.013 -14"><span class='ocrx_word' id='word_1_72' title='bbox 238 1153 293 1185; x_wconf 86' lang='lat' dir='ltr'>Ad</span> <span class='ocrx_word' id='word_1_73' title='bbox 318 1163 443 1187; x_wconf 90' lang='lat' dir='ltr'>omnem</span> <span class='ocrx_word' id='word_1_74' title='bbox 467 1165 603 1195; x_wconf 82' lang='lat' dir='ltr'>poenam</span> <span class='ocrx_word' id='word_1_75' title='bbox 628 1160 743 1198; x_wconf 83' lang='lat' dir='ltr'>parati,</span> <span class='ocrx_word' id='word_1_76' title='bbox 925 1162 1070 1195; x_wconf 85' lang='lat' dir='ltr'>Adriano</span> <span class='ocrx_word' id='word_1_77' title='bbox 1097 1168 1129 1195; x_wconf 75' lang='lat' dir='ltr'>et</span> <span class='ocrx_word' id='word_1_78' title='bbox 1154 1166 1311 1199; x_wconf 80' lang='lat' dir='ltr'>dixerunt.</span> 
     </span>
     <span class='ocr_line' id='line_1_13' title="bbox 287 1201 1371 1253; baseline 0.013 -20"><span class='ocrx_word' id='word_1_79' title='bbox 287 1201 374 1240; x_wconf 80' lang='lat' dir='ltr'>Quae</span> <span class='ocrx_word' id='word_1_80' title='bbox 400 1202 526 1236; x_wconf 87' lang='lat' dir='ltr'>Christo</span> <span class='ocrx_word' id='word_1_81' title='bbox 552 1205 644 1237; x_wconf 82' lang='lat' dir='ltr'>illata</span> <span class='ocrx_word' id='word_1_82' title='bbox 669 1209 726 1246; x_wconf 86' lang='lat' dir='ltr'>est,</span> <span class='ocrx_word' id='word_1_83' title='bbox 974 1210 1122 1250; x_wconf 77' lang='lat' dir='ltr'>Quaeque</span> <span class='ocrx_word' id='word_1_84' title='bbox 1145 1213 1371 1253; x_wconf 80' lang='lat' dir='ltr'>cogitaverunt.</span> 
     </span>
     <span class='ocr_line' id='line_1_14' title="bbox 155 1256 1383 1309; baseline 0.013 -21"><span class='ocrx_word' id='word_1_85' title='bbox 155 1258 212 1290; x_wconf 85' lang='lat' dir='ltr'>5a.</span> <span class='ocrx_word' id='word_1_86' title='bbox 240 1256 359 1289; x_wconf 87' lang='lat' dir='ltr'>Caesar</span> <span class='ocrx_word' id='word_1_87' title='bbox 381 1259 415 1290; x_wconf 91' lang='lat' dir='ltr'>in</span> <span class='ocrx_word' id='word_1_88' title='bbox 440 1260 594 1293; x_wconf 84' lang='lat' dir='ltr'>cathedra</span> <span class='ocrx_word' id='word_1_89' title='bbox 617 1263 710 1303; x_wconf 82' lang='lat' dir='ltr'>sedit,</span> <span class='ocrx_word' id='word_1_90' title='bbox 844 1265 901 1297; x_wconf 80' lang='grc'>51).</span> <span class='ocrx_word' id='word_1_91' title='bbox 923 1265 1058 1297; x_wconf 88' lang='lat' dir='ltr'>Dicens:</span> <span class='ocrx_word' id='word_1_92' title='bbox 1095 1268 1196 1309; x_wconf 89' lang='lat' dir='ltr'>stulti,</span> <span class='ocrx_word' id='word_1_93' title='bbox 1220 1270 1383 1306; x_wconf 79' lang='lat' dir='ltr'>insensati,</span> 
     </span>
     <span class='ocr_line' id='line_1_15' title="bbox 237 1304 1318 1355; baseline 0.013 -20"><span class='ocrx_word' id='word_1_94' title='bbox 237 1304 440 1338; x_wconf 84' lang='lat' dir='ltr'>Praesentari</span> <span class='ocrx_word' id='word_1_95' title='bbox 463 1307 524 1338; x_wconf 87' lang='lat' dir='ltr'>sibi</span> <span class='ocrx_word' id='word_1_96' title='bbox 551 1307 628 1340; x_wconf 76' lang='lat' dir='ltr'>fecit</span> <span class='ocrx_word' id='word_1_97' title='bbox 924 1313 1108 1355; x_wconf 84' lang='lat' dir='ltr'>ImmoletiS,</span> <span class='ocrx_word' id='word_1_98' title='bbox 1134 1318 1171 1346; x_wconf 80' lang='lat' dir='ltr'>ut</span> <span class='ocrx_word' id='word_1_99' title='bbox 1191 1316 1318 1351; x_wconf 79' lang='lat' dir='ltr'>vivatis.</span> 
     </span>
     <span class='ocr_line' id='line_1_16' title="bbox 282 1351 1363 1398; baseline 0.014 -16"><span class='ocrx_word' id='word_1_100' title='bbox 282 1351 469 1384; x_wconf 84' lang='lat' dir='ltr'>Exercitum</span> <span class='ocrx_word' id='word_1_101' title='bbox 493 1355 636 1398; x_wconf 73' lang='lat' dir='ltr'>militiae,</span> <span class='ocrx_word' id='word_1_102' title='bbox 970 1360 1039 1392; x_wconf 90' lang='lat' dir='ltr'>Deo</span> <span class='ocrx_word' id='word_1_103' title='bbox 1065 1365 1174 1394; x_wconf 84' lang='lat' dir='ltr'>nostro</span> <span class='ocrx_word' id='word_1_104' title='bbox 1198 1363 1363 1398; x_wconf 85' lang='lat' dir='ltr'>Astaroth.</span> 
     </span>
     <span class='ocr_line' id='line_1_17' title="bbox 152 1407 1318 1459; baseline 0.01 -19"><span class='ocrx_word' id='word_1_105' title='bbox 152 1408 207 1440; x_wconf 89' lang='lat' dir='ltr'>6a.</span> <span class='ocrx_word' id='word_1_106' title='bbox 234 1407 325 1439; x_wconf 84' lang='lat' dir='ltr'>Tunc</span> <span class='ocrx_word' id='word_1_107' title='bbox 350 1411 548 1449; x_wconf 88' lang='lat' dir='ltr'>respondens</span> <span class='ocrx_word' id='word_1_108' title='bbox 569 1412 778 1448; x_wconf 84' lang='lat' dir='ltr'>Hermolaus:</span> <span class='ocrx_word' id='word_1_109' title='bbox 841 1415 899 1448; x_wconf 75' lang='lat' dir='ltr'>eb.</span> <span class='ocrx_word' id='word_1_110' title='bbox 923 1416 1022 1448; x_wconf 74' lang='lat' dir='ltr'>Jubet</span> <span class='ocrx_word' id='word_1_111' title='bbox 1046 1426 1120 1458; x_wconf 86' lang='lat' dir='ltr'>ergo</span> <span class='ocrx_word' id='word_1_112' title='bbox 1144 1420 1318 1459; x_wconf 63' lang='lat' dir='ltr'>Adrianus.</span> 
     </span>
     <span class='ocr_line' id='line_1_18' title="bbox 234 1454 1358 1505; baseline 0.013 -19"><span class='ocrx_word' id='word_1_113' title='bbox 234 1454 362 1487; x_wconf 83' lang='lat' dir='ltr'>Summo</span> <span class='ocrx_word' id='word_1_114' title='bbox 388 1457 456 1489; x_wconf 93' lang='lat' dir='ltr'>Deo</span> <span class='ocrx_word' id='word_1_115' title='bbox 482 1458 641 1492; x_wconf 86' lang='lat' dir='ltr'>offerimus</span> <span class='ocrx_word' id='word_1_116' title='bbox 922 1463 968 1496; x_wconf 86' lang='lat' dir='ltr'>Ut</span> <span class='ocrx_word' id='word_1_117' title='bbox 993 1473 1027 1496; x_wconf 92' lang='lat' dir='ltr'>os</span> <span class='ocrx_word' id='word_1_118' title='bbox 1054 1466 1120 1505; x_wconf 87' lang='lat' dir='ltr'>ejus</span> <span class='ocrx_word' id='word_1_119' title='bbox 1145 1468 1358 1501; x_wconf 87' lang='lat' dir='ltr'>contundatur</span> 
     </span>
     <span class='ocr_line' id='line_1_19' title="bbox 281 1504 1270 1547; baseline 0.013 -13"><span class='ocrx_word' id='word_1_120' title='bbox 281 1504 522 1537; x_wconf 89' lang='lat' dir='ltr'>Immaculatam</span> <span class='ocrx_word' id='word_1_121' title='bbox 542 1506 689 1540; x_wconf 87' lang='lat' dir='ltr'>hostiam.</span> <span class='ocrx_word' id='word_1_122' title='bbox 969 1511 1067 1544; x_wconf 84' lang='lat' dir='ltr'>Silice</span> <span class='ocrx_word' id='word_1_123' title='bbox 1092 1514 1270 1547; x_wconf 87' lang='lat' dir='ltr'>durissimo.</span> 
     </span>
     <span class='ocr_line' id='line_1_20' title="bbox 150 1559 1410 1615; baseline 0.012 -24"><span class='ocrx_word' id='word_1_124' title='bbox 150 1559 168 1591; x_wconf 80' lang='lat'>7</span> <span class='ocrx_word' id='word_1_125' title='bbox 180 1567 208 1592; x_wconf 89' lang='lat' dir='ltr'>a.</span> <span class='ocrx_word' id='word_1_126' title='bbox 235 1559 335 1592; x_wconf 85' lang='lat' dir='ltr'>Jubet</span> <span class='ocrx_word' id='word_1_127' title='bbox 358 1561 431 1593; x_wconf 89' lang='lat' dir='ltr'>illos</span> <span class='ocrx_word' id='word_1_128' title='bbox 455 1563 598 1604; x_wconf 87' lang='lat' dir='ltr'>spoliari⁷</span> <span class='ocrx_word' id='word_1_129' title='bbox 840 1567 899 1602; x_wconf 83' lang='lat' dir='ltr'>7b.</span> <span class='ocrx_word' id='word_1_130' title='bbox 921 1568 1063 1601; x_wconf 87' lang='lat' dir='ltr'>Sindone</span> <span class='ocrx_word' id='word_1_131' title='bbox 1086 1573 1160 1602; x_wconf 89' lang='lat' dir='ltr'>sunt</span> <span class='ocrx_word' id='word_1_132' title='bbox 1184 1571 1259 1604; x_wconf 85' lang='lat' dir='ltr'>hinc</span> <span class='ocrx_word' id='word_1_133' title='bbox 1283 1575 1410 1615; x_wconf 80' lang='lat' dir='ltr'>signati,</span> 
     </span>
     <span class='ocr_line' id='line_1_21' title="bbox 233 1607 1256 1658; baseline 0.012 -19"><span class='ocrx_word' id='word_1_134' title='bbox 233 1607 343 1648; x_wconf 82' lang='lat' dir='ltr'>Caedi,</span> <span class='ocrx_word' id='word_1_135' title='bbox 367 1609 468 1648; x_wconf 87' lang='lat' dir='ltr'>spinis</span> <span class='ocrx_word' id='word_1_136' title='bbox 495 1612 640 1644; x_wconf 88' lang='lat' dir='ltr'>coronari</span> <span class='ocrx_word' id='word_1_137' title='bbox 923 1615 1074 1648; x_wconf 81' lang='lat' dir='ltr'>Crucifixi</span> <span class='ocrx_word' id='word_1_138' title='bbox 1098 1620 1129 1649; x_wconf 78' lang='lat' dir='ltr'>et</span> <span class='ocrx_word' id='word_1_139' title='bbox 1152 1620 1256 1658; x_wconf 91' lang='lat' dir='ltr'>potati</span> 
     </span>
     <span class='ocr_line' id='line_1_22' title="bbox 279 1655 1285 1701; baseline 0.014 -15"><span class='ocrx_word' id='word_1_140' title='bbox 279 1655 330 1688; x_wconf 87' lang='lat' dir='ltr'>Ac</span> <span class='ocrx_word' id='word_1_141' title='bbox 355 1656 445 1688; x_wconf 88' lang='lat' dir='ltr'>indui</span> <span class='ocrx_word' id='word_1_142' title='bbox 469 1666 622 1698; x_wconf 84' lang='lat' dir='ltr'>purpura.</span> <span class='ocrx_word' id='word_1_143' title='bbox 968 1664 1050 1696; x_wconf 83' lang='lat' dir='ltr'>Potu</span> <span class='ocrx_word' id='word_1_144' title='bbox 1076 1667 1285 1701; x_wconf 85' lang='lat' dir='ltr'>amarissimo.</span> 
     </span>
     <span class='ocr_line' id='line_1_23' title="bbox 149 1710 1395 1768; baseline 0.013 -25"><span class='ocrx_word' id='word_1_145' title='bbox 149 1711 205 1743; x_wconf 89' lang='lat' dir='ltr'>8a.</span> <span class='ocrx_word' id='word_1_146' title='bbox 233 1710 337 1751; x_wconf 80' lang='lat' dir='ltr'>Salve,</span> <span class='ocrx_word' id='word_1_147' title='bbox 364 1713 419 1752; x_wconf 89' lang='lat' dir='ltr'>pie</span> <span class='ocrx_word' id='word_1_148' title='bbox 441 1713 519 1747; x_wconf 82' lang='lat' dir='ltr'>Jesu</span> <span class='ocrx_word' id='word_1_149' title='bbox 545 1715 681 1756; x_wconf 80' lang='lat' dir='ltr'>Christe,</span> <span class='ocrx_word' id='word_1_150' title='bbox 838 1719 895 1752; x_wconf 89' lang='lat' dir='ltr'>8b.</span> <span class='ocrx_word' id='word_1_151' title='bbox 919 1719 986 1752; x_wconf 84' lang='lat' dir='ltr'>Nos</span> <span class='ocrx_word' id='word_1_152' title='bbox 1014 1724 1199 1755; x_wconf 90' lang='lat' dir='ltr'>commenda</span> <span class='ocrx_word' id='word_1_153' title='bbox 1223 1727 1277 1757; x_wconf 93' lang='lat' dir='ltr'>tuo</span> <span class='ocrx_word' id='word_1_154' title='bbox 1298 1728 1395 1768; x_wconf 88' lang='lat' dir='ltr'>patri,</span> 
     </span>
     <span class='ocr_line' id='line_1_24' title="bbox 277 1757 1334 1813; baseline 0.014 -23"><span class='ocrx_word' id='word_1_155' title='bbox 277 1757 389 1791; x_wconf 85' lang='lat' dir='ltr'>Infans</span> <span class='ocrx_word' id='word_1_156' title='bbox 416 1764 523 1793; x_wconf 83' lang='lat' dir='ltr'>castae</span> <span class='ocrx_word' id='word_1_157' title='bbox 546 1763 688 1806; x_wconf 81' lang='lat' dir='ltr'>virginis,</span> <span class='ocrx_word' id='word_1_158' title='bbox 966 1769 1054 1806; x_wconf 87' lang='lat' dir='ltr'>Jesu‚</span> <span class='ocrx_word' id='word_1_159' title='bbox 1079 1773 1191 1809; x_wconf 82' lang='lat' dir='ltr'>pastor</span> <span class='ocrx_word' id='word_1_160' title='bbox 1214 1772 1334 1813; x_wconf 84' lang='lat' dir='ltr'>inclite,</span> 
     </span>
     <span class='ocr_line' id='line_1_25' title="bbox 232 1804 1370 1855; baseline 0.014 -19"><span class='ocrx_word' id='word_1_161' title='bbox 232 1804 302 1837; x_wconf 85' lang='lat' dir='ltr'>Tua</span> <span class='ocrx_word' id='word_1_162' title='bbox 326 1815 423 1845; x_wconf 84' lang='lat' dir='ltr'>prece</span> <span class='ocrx_word' id='word_1_163' title='bbox 447 1817 505 1840; x_wconf 87' lang='lat' dir='ltr'>nos</span> <span class='ocrx_word' id='word_1_164' title='bbox 529 1818 549 1840; x_wconf 91' lang='lat' dir='ltr'>a</span> <span class='ocrx_word' id='word_1_165' title='bbox 573 1818 649 1841; x_wconf 82' lang='lat' dir='ltr'>nece</span> <span class='ocrx_word' id='word_1_166' title='bbox 918 1814 964 1846; x_wconf 87' lang='lat' dir='ltr'>Ut</span> <span class='ocrx_word' id='word_1_167' title='bbox 988 1824 1153 1855; x_wconf 84' lang='lat' dir='ltr'>regnemus</span> <span class='ocrx_word' id='word_1_168' title='bbox 1176 1827 1233 1850; x_wconf 88' lang='lat' dir='ltr'>nos</span> <span class='ocrx_word' id='word_1_169' title='bbox 1258 1820 1370 1852; x_wconf 88' lang='lat' dir='ltr'>invicti</span> 
     </span>
     <span class='ocr_line' id='line_1_26' title="bbox 277 1853 1345 1904; baseline 0.016 -21"><span class='ocrx_word' id='word_1_170' title='bbox 277 1853 445 1886; x_wconf 84' lang='lat' dir='ltr'>Aeternali</span> <span class='ocrx_word' id='word_1_171' title='bbox 468 1855 580 1889; x_wconf 84' lang='lat' dir='ltr'>libera.</span> <span class='ocrx_word' id='word_1_172' title='bbox 965 1862 1084 1894; x_wconf 84' lang='lat' dir='ltr'>Tecum</span> <span class='ocrx_word' id='word_1_173' title='bbox 1109 1873 1206 1904; x_wconf 87' lang='lat' dir='ltr'>super</span> <span class='ocrx_word' id='word_1_174' title='bbox 1228 1867 1345 1901; x_wconf 85' lang='lat' dir='ltr'>sidera.</span> 
     </span>
    </p>
   </div>
   <div class='ocr_carea' id='block_1_3' title="bbox 144 1917 1466 2137">
    <p class='ocr_par' dir='ltr' id='par_1_3' title="bbox 144 1917 1466 2137">
     <span class='ocr_line' id='line_1_27' title="bbox 221 1917 1463 1970; baseline 0.014 -26"><span class='ocrx_word' id='word_1_175' title='bbox 221 1917 304 1945; x_wconf 85' lang='lat' dir='ltr'>Miss.</span> <span class='ocrx_word' id='word_1_176' title='bbox 324 1927 378 1946; x_wconf 87' lang='lat' dir='ltr'>ms.</span> <span class='ocrx_word' id='word_1_177' title='bbox 398 1919 597 1949; x_wconf 79' lang='lat' dir='ltr'>Altovadense</span> <span class='ocrx_word' id='word_1_178' title='bbox 616 1922 742 1951; x_wconf 86' lang='lat' dir='ltr'>LXXVI</span> <span class='ocrx_word' id='word_1_179' title='bbox 761 1932 836 1952; x_wconf 81' lang='lat' dir='ltr'>saec.</span> <span class='ocrx_word' id='word_1_180' title='bbox 860 1924 903 1953; x_wconf 89' lang='lat'>15.</span> <span class='ocrx_word' id='word_1_181' title='bbox 919 1926 954 1953; x_wconf 95' lang='lat' dir='ltr'>A.</span> <span class='ocrx_word' id='word_1_182' title='bbox 973 1941 1004 1946; x_wconf 84' lang='lat'><strong>—</strong></span> <span class='ocrx_word' id='word_1_183' title='bbox 1024 1928 1107 1955; x_wconf 87' lang='lat' dir='ltr'>Miss.</span> <span class='ocrx_word' id='word_1_184' title='bbox 1123 1938 1176 1957; x_wconf 89' lang='lat' dir='ltr'>ms.</span> <span class='ocrx_word' id='word_1_185' title='bbox 1190 1930 1335 1967; x_wconf 62' lang='lat' dir='ltr'>Plagenre</span> <span class='ocrx_word' id='word_1_186' title='bbox 1350 1942 1372 1960; x_wconf 67' lang='grc' dir='ltr'>ς.</span> <span class='ocrx_word' id='word_1_187' title='bbox 1387 1936 1463 1970; x_wconf 74' lang='lat' dir='ltr'>sign.</span> 
     </span>
     <span class='ocr_line' id='line_1_28' title="bbox 145 1954 1464 2000; baseline 0.014 -19"><span class='ocrx_word' id='word_1_188' title='bbox 145 1963 221 1983; x_wconf 77' lang='lat' dir='ltr'>saec.</span> <span class='ocrx_word' id='word_1_189' title='bbox 245 1954 288 1983; x_wconf 85' lang='lat'>15.</span> <span class='ocrx_word' id='word_1_190' title='bbox 309 1956 343 1983; x_wconf 87' lang='lat' dir='ltr'>B.</span> <span class='ocrx_word' id='word_1_191' title='bbox 363 1971 396 1975; x_wconf 97' lang='lat'><strong>—</strong></span> <span class='ocrx_word' id='word_1_192' title='bbox 417 1957 501 1986; x_wconf 83' lang='lat' dir='ltr'>Miss.</span> <span class='ocrx_word' id='word_1_193' title='bbox 523 1968 574 1987; x_wconf 90' lang='lat' dir='ltr'>ms.</span> <span class='ocrx_word' id='word_1_194' title='bbox 598 1960 743 1997; x_wconf 83' lang='lat' dir='ltr'>Plagense</span> <span class='ocrx_word' id='word_1_195' title='bbox 763 1971 786 1990; x_wconf 82' lang='lat' dir='ltr'>s.</span> <span class='ocrx_word' id='word_1_196' title='bbox 807 1964 883 1999; x_wconf 84' lang='lat' dir='ltr'>sign.</span> <span class='ocrx_word' id='word_1_197' title='bbox 904 1972 980 1992; x_wconf 86' lang='lat' dir='ltr'>saec.</span> <span class='ocrx_word' id='word_1_198' title='bbox 1002 1963 1044 1993; x_wconf 86' lang='lat'>15.</span> <span class='ocrx_word' id='word_1_199' title='bbox 1066 1965 1096 1994; x_wconf 88' lang='lat' dir='ltr'>C.</span> <span class='ocrx_word' id='word_1_200' title='bbox 1115 1982 1153 1986; x_wconf 88' lang='lat'>—</span> <span class='ocrx_word' id='word_1_201' title='bbox 1171 1969 1254 1996; x_wconf 86' lang='lat' dir='ltr'>Miss.</span> <span class='ocrx_word' id='word_1_202' title='bbox 1271 1979 1324 1998; x_wconf 88' lang='lat' dir='ltr'>ms.</span> <span class='ocrx_word' id='word_1_203' title='bbox 1341 1972 1464 2000; x_wconf 84' lang='lat' dir='ltr'>Tiecho-</span> 
     </span>
     <span class='ocr_line' id='line_1_29' title="bbox 145 1993 1458 2039; baseline 0.014 -19"><span class='ocrx_word' id='word_1_204' title='bbox 145 1993 273 2022; x_wconf 80' lang='lat' dir='ltr'>bucense</span> <span class='ocrx_word' id='word_1_205' title='bbox 293 2002 369 2022; x_wconf 84' lang='lat' dir='ltr'>saec.</span> <span class='ocrx_word' id='word_1_206' title='bbox 394 1994 439 2023; x_wconf 88' lang='lat'>14.</span> <span class='ocrx_word' id='word_1_207' title='bbox 468 1996 536 2024; x_wconf 86' lang='lat' dir='ltr'>Cod.</span> <span class='ocrx_word' id='word_1_208' title='bbox 556 1998 696 2034; x_wconf 87' lang='lat' dir='ltr'>Pragens.</span> <span class='ocrx_word' id='word_1_209' title='bbox 717 2000 790 2028; x_wconf 89' lang='lat' dir='ltr'>XIV</span> <span class='ocrx_word' id='word_1_210' title='bbox 809 2001 833 2029; x_wconf 91' lang='lat' dir='ltr'>B</span> <span class='ocrx_word' id='word_1_211' title='bbox 858 2000 901 2028; x_wconf 80' lang='lat'>17.</span> <span class='ocrx_word' id='word_1_212' title='bbox 922 2002 959 2030; x_wconf 89' lang='lat' dir='ltr'>D.</span> <span class='ocrx_word' id='word_1_213' title='bbox 981 2018 1018 2022; x_wconf 86' lang='lat'>—-</span> <span class='ocrx_word' id='word_1_214' title='bbox 1037 2004 1120 2033; x_wconf 85' lang='lat' dir='ltr'>Miss.</span> <span class='ocrx_word' id='word_1_215' title='bbox 1140 2015 1193 2034; x_wconf 90' lang='lat' dir='ltr'>ms.</span> <span class='ocrx_word' id='word_1_216' title='bbox 1216 2006 1458 2039; x_wconf 54' lang='lat' dir='ltr'>Coteschaviens„</span> 
     </span>
     <span class='ocr_line' id='line_1_30' title="bbox 144 2030 1464 2077; baseline 0.014 -19"><span class='ocrx_word' id='word_1_217' title='bbox 144 2039 220 2059; x_wconf 81' lang='lat' dir='ltr'>saec.</span> <span class='ocrx_word' id='word_1_218' title='bbox 248 2030 293 2060; x_wconf 88' lang='lat'>14.</span> <span class='ocrx_word' id='word_1_219' title='bbox 325 2033 393 2062; x_wconf 86' lang='lat' dir='ltr'>Cod.</span> <span class='ocrx_word' id='word_1_220' title='bbox 419 2034 559 2071; x_wconf 76' lang='lat' dir='ltr'>Pragens.</span> <span class='ocrx_word' id='word_1_221' title='bbox 580 2036 653 2064; x_wconf 80' lang='lat' dir='ltr'>XIV</span> <span class='ocrx_word' id='word_1_222' title='bbox 677 2038 699 2066; x_wconf 89' lang='lat' dir='ltr'>C</span> <span class='ocrx_word' id='word_1_223' title='bbox 723 2036 766 2067; x_wconf 83' lang='lat'>13.</span> <span class='ocrx_word' id='word_1_224' title='bbox 792 2039 828 2067; x_wconf 89' lang='lat' dir='ltr'>E.</span> <span class='ocrx_word' id='word_1_225' title='bbox 855 2056 892 2060; x_wconf 89' lang='lat'><strong>—</strong></span> <span class='ocrx_word' id='word_1_226' title='bbox 918 2041 1002 2069; x_wconf 85' lang='lat' dir='ltr'>Miss.</span> <span class='ocrx_word' id='word_1_227' title='bbox 1029 2051 1082 2070; x_wconf 91' lang='lat' dir='ltr'>ms.</span> <span class='ocrx_word' id='word_1_228' title='bbox 1104 2043 1297 2074; x_wconf 85' lang='lat' dir='ltr'>Olomucense</span> <span class='ocrx_word' id='word_1_229' title='bbox 1317 2056 1392 2076; x_wconf 81' lang='lat' dir='ltr'>saec.</span> <span class='ocrx_word' id='word_1_230' title='bbox 1418 2049 1464 2077; x_wconf 67' lang='lat'>1⁵.</span> 
     </span>
     <span class='ocr_line' id='line_1_31' title="bbox 144 2069 1466 2115; baseline 0.013 -17"><span class='ocrx_word' id='word_1_231' title='bbox 144 2069 214 2098; x_wconf 86' lang='lat' dir='ltr'>Cod.</span> <span class='ocrx_word' id='word_1_232' title='bbox 236 2071 308 2098; x_wconf 81' lang='lat' dir='ltr'>bibl.</span> <span class='ocrx_word' id='word_1_233' title='bbox 328 2072 410 2107; x_wconf 85' lang='lat' dir='ltr'>publ.</span> <span class='ocrx_word' id='word_1_234' title='bbox 430 2072 446 2100; x_wconf 90' lang='lat'>1</span> <span class='ocrx_word' id='word_1_235' title='bbox 465 2073 481 2101; x_wconf 88' lang='grc' dir='ltr'>Ι</span> <span class='ocrx_word' id='word_1_236' title='bbox 501 2071 527 2101; x_wconf 88' lang='grc'>6.</span> <span class='ocrx_word' id='word_1_237' title='bbox 547 2075 580 2102; x_wconf 74' lang='lat' dir='ltr'>F.</span> <span class='ocrx_word' id='word_1_238' title='bbox 601 2089 637 2095; x_wconf 76' lang='lat'><em>—</em></span> <span class='ocrx_word' id='word_1_239' title='bbox 659 2075 709 2111; x_wconf 69' lang='lat'>621,</span> <span class='ocrx_word' id='word_1_240' title='bbox 735 2075 749 2104; x_wconf 94' lang='lat'>1</span> <span class='ocrx_word' id='word_1_241' title='bbox 765 2078 849 2105; x_wconf 86' lang='lat' dir='ltr'>Tunc</span> <span class='ocrx_word' id='word_1_242' title='bbox 868 2078 966 2107; x_wconf 78' lang='lat' dir='ltr'>ridens</span> <span class='ocrx_word' id='word_1_243' title='bbox 980 2080 1014 2107; x_wconf 93' lang='lat' dir='ltr'>A.</span> <span class='ocrx_word' id='word_1_244' title='bbox 1036 2095 1073 2100; x_wconf 83' lang='lat'><strong>—</strong></span> <span class='ocrx_word' id='word_1_245' title='bbox 1094 2080 1143 2115; x_wconf 84' lang='lat' dir='ltr'>6a,</span> <span class='ocrx_word' id='word_1_246' title='bbox 1164 2081 1182 2110; x_wconf 86' lang='lat'>2</span> <span class='ocrx_word' id='word_1_247' title='bbox 1203 2083 1356 2113; x_wconf 60' lang='lat' dir='ltr'>offeramus</span> <span class='ocrx_word' id='word_1_248' title='bbox 1372 2087 1409 2114; x_wconf 86' lang='lat' dir='ltr'>E.</span> <span class='ocrx_word' id='word_1_249' title='bbox 1424 2103 1466 2107; x_wconf 91' lang='lat'><strong>—</strong></span> 
     </span>
     <span class='ocr_line' id='line_1_32' title="bbox 144 2107 391 2137; baseline 0.008 -2"><span class='ocrx_word' id='word_1_250' title='bbox 144 2107 201 2136; x_wconf 85' lang='lat' dir='ltr'>Str.</span> <span class='ocrx_word' id='word_1_251' title='bbox 223 2108 240 2136; x_wconf 86' lang='lat'><strong>7</strong></span> <span class='ocrx_word' id='word_1_252' title='bbox 263 2109 338 2137; x_wconf 78' lang='lat' dir='ltr'>fehlt</span> <span class='ocrx_word' id='word_1_253' title='bbox 357 2110 391 2137; x_wconf 87' lang='lat' dir='ltr'>A.</span> 
     </span>
    </p>
   </div>
   <div class='ocr_carea' id='block_1_4' title="bbox 587 2183 1013 2224">
    <p class='ocr_par' dir='ltr' id='par_1_4' title="bbox 587 2183 1013 2224">
     <span class='ocr_line' id='line_1_33' title="bbox 587 2183 1013 2224; baseline 0.014 -7"><span class='ocrx_word' id='word_1_254' title='bbox 587 2186 648 2218; x_wconf 82' lang='lat'>102.</span> <span class='ocrx_word' id='word_1_255' title='bbox 679 2183 723 2219; x_wconf 86' lang='lat' dir='ltr'>De</span> <span class='ocrx_word' id='word_1_256' title='bbox 743 2190 851 2222; x_wconf 84' lang='lat' dir='ltr'>saneto</span> <span class='ocrx_word' id='word_1_257' title='bbox 873 2191 1013 2224; x_wconf 77' lang='lat' dir='ltr'>Achatio.</span> 
     </span>
    </p>
   </div>
   <div class='ocr_carea' id='block_1_5' title="bbox 142 2252 1268 2443">
    <p class='ocr_par' dir='ltr' id='par_1_5' title="bbox 142 2252 1268 2443">
     <span class='ocr_line' id='line_1_34' title="bbox 142 2252 1247 2301; baseline 0.012 -15"><span class='ocrx_word' id='word_1_258' title='bbox 142 2252 198 2287; x_wconf 81' lang='lat' dir='ltr'>la.</span> <span class='ocrx_word' id='word_1_259' title='bbox 225 2253 381 2287; x_wconf 83' lang='lat' dir='ltr'>Laetetur</span> <span class='ocrx_word' id='word_1_260' title='bbox 406 2256 542 2289; x_wconf 87' lang='lat' dir='ltr'>ecclesia</span> <span class='ocrx_word' id='word_1_261' title='bbox 833 2261 891 2295; x_wconf 81' lang='lat' dir='ltr'>lb.</span> <span class='ocrx_word' id='word_1_262' title='bbox 915 2262 975 2301; x_wconf 76' lang='lat' dir='ltr'>Qui</span> <span class='ocrx_word' id='word_1_263' title='bbox 999 2272 1057 2296; x_wconf 90' lang='lat' dir='ltr'>sua</span> <span class='ocrx_word' id='word_1_264' title='bbox 1079 2264 1247 2299; x_wconf 83' lang='lat' dir='ltr'>clementia</span> 
     </span>
     <span class='ocr_line' id='line_1_35' title="bbox 222 2303 1268 2355; baseline 0.011 -20"><span class='ocrx_word' id='word_1_265' title='bbox 222 2303 404 2336; x_wconf 84' lang='lat' dir='ltr'>Fundendo</span> <span class='ocrx_word' id='word_1_266' title='bbox 429 2305 603 2344; x_wconf 86' lang='lat' dir='ltr'>praeconia</span> <span class='ocrx_word' id='word_1_267' title='bbox 910 2310 965 2343; x_wconf 84' lang='lat' dir='ltr'>Ex</span> <span class='ocrx_word' id='word_1_268' title='bbox 991 2315 1142 2345; x_wconf 88' lang='lat' dir='ltr'>consueta</span> <span class='ocrx_word' id='word_1_269' title='bbox 1165 2315 1268 2355; x_wconf 84' lang='lat' dir='ltr'>gratia</span> 
     </span>
     <span class='ocr_line' id='line_1_36' title="bbox 224 2349 1267 2395; baseline 0.012 -12"><span class='ocrx_word' id='word_1_270' title='bbox 224 2349 348 2391; x_wconf 87' lang='lat' dir='ltr'>Sponsa</span> <span class='ocrx_word' id='word_1_271' title='bbox 371 2360 489 2392; x_wconf 88' lang='lat' dir='ltr'>sponso</span> <span class='ocrx_word' id='word_1_272' title='bbox 514 2354 646 2394; x_wconf 76' lang='lat' dir='ltr'>optimo,</span> <span class='ocrx_word' id='word_1_273' title='bbox 912 2358 1006 2391; x_wconf 88' lang='lat' dir='ltr'>Diem</span> <span class='ocrx_word' id='word_1_274' title='bbox 1031 2359 1128 2392; x_wconf 89' lang='lat' dir='ltr'>istum</span> <span class='ocrx_word' id='word_1_275' title='bbox 1154 2363 1267 2395; x_wconf 80' lang='lat' dir='ltr'>extulit</span> 
     </span>
     <span class='ocr_line' id='line_1_37' title="bbox 240 2398 1225 2443; baseline 0.012 -13"><span class='ocrx_word' id='word_1_276' title='bbox 240 2425 246 2428; x_wconf 96' lang='lat'>.</span> <span class='ocrx_word' id='word_1_277' title='bbox 268 2398 347 2432; x_wconf 86' lang='lat' dir='ltr'>Jesu</span> <span class='ocrx_word' id='word_1_278' title='bbox 371 2400 465 2435; x_wconf 89' lang='lat' dir='ltr'>bono.</span> <span class='ocrx_word' id='word_1_279' title='bbox 959 2406 1107 2440; x_wconf 85' lang='lat' dir='ltr'>Laudum</span> <span class='ocrx_word' id='word_1_280' title='bbox 1134 2409 1225 2443; x_wconf 90' lang='lat' dir='ltr'>dono.</span> 
     </span>
    </p>
   </div>
   <div class='ocr_carea' id='block_1_6' title="bbox 1246 2466 1287 2496">
    <p class='ocr_par' dir='ltr' id='par_1_6' title="bbox 1246 2466 1287 2496">
     <span class='ocr_line' id='line_1_38' title="bbox 1246 2466 1287 2496; baseline 0 -13"><span class='ocrx_word' id='word_1_281' title='bbox 1246 2466 1287 2496; x_wconf 79' lang='lat'>6*</span> 
     </span>
    </p>
   </div>
  </div>
 </body>
</html>
