1653 2632
189 282 246 315 la.

188 387 244 418 2a.

188 490 245 522 3a.

188 593 243 624 4a.

189 696 244 727 5a.

190 799 244 831 6a.

192 902 245 934 7a.

190 1005 245 1037 83.

192 1110 247 1141 93.

168 1211 247 1243 103.

170 1315 249 1347 lla.

171 1616 225 1649 la.

170 1769 227 1801 23.

172 1918 229 1950 33.

172 2070 228 2101 43.

175 2219 232 2251 53.

676 124 936 160 -188-

520 218 586 250 250.
629 218 672 249 De
695 225 719 248 s.
740 216 881 249 Johanne
900 215 1118 255 Evangelista.

272 281 395 313 Psallat
419 280 532 311 chorus
556 287 635 310 voce
660 278 746 309 clara

271 328 335 361 Sed
359 336 419 359 nec
442 326 546 358 laudis
563 334 625 357 vox
642 325 685 356 sit
693 333 784 365 rara,

273 384 400 417 Chorda
424 383 528 415 cordis
553 383 595 414 sit
617 382 753 423 intensa,

269 432 322 464 Ad
347 439 485 463 amorem
509 438 597 461 mens
622 436 764 470 accensa,

271 488 389 520 Rerum
414 487 489 518 bina
512 486 561 517 bis
585 488 698 516 natura

270 535 333 566 Sua
354 536 461 565 servat
483 534 517 564 in
542 540 576 563 se
596 532 680 571 jura,

269 590 405 629 Montes.
437 588 549 628 campi,
575 588 684 628 silvae,
710 596 787 619 rura

269 637 314 669 Et
337 645 488 676 aquarum
514 634 585 667 fons
612 636 768 675 clausura,

272 693 487 726 Jucundemur
511 701 594 732 ergo,
621 692 694 731 quia

270 741 346 772 Dies
373 740 467 780 digna
491 739 639 779 melodia,

271 798 439 836 Nunquam
466 796 533 828 dies
557 796 598 827 sit
624 795 760 827 obscura

270 844 382 884 Neque
402 851 553 883 praesens
577 851 638 874 nec
658 841 776 882 futura,

273 900 297 933 O
322 908 383 932 vox
410 899 511 931 dulcis
538 902 568 930 et
592 899 727 940 sincera,

271 947 352 979 Erat.
374 946 506 978 verbum
532 949 564 977 et
586 946 642 977 lux
666 954 753 987 vera,

271 1004 335 1035 Hic
358 1003 518 1035 Johannes
543 1002 685 1034 scribens
709 1002 773 1033 ista

271 1051 343 1082 Non
368 1053 416 1082 est
438 1050 522 1081 idem
548 1050 601 1089 qui
625 1049 787 1090 baptista3

274 1107 335 1139 1110
359 1105 421 1138 fuit
444 1107 529 1138 vitae
553 1106 614 1148 via,

271 1154 336 1186 Iste
359 1154 449 1185 verbi
473 1153 675 1194 symphonia3

272 1210 336 1242 Hic
361 1210 401 1242 de
424 1209 521 1242 fontis
546 1210 631 1241 vitae
655 1218 737 1241 vena

273 1257 445 1289 Debriatus
471 1260 518 1288 est
542 1257 575 1288 in
602 1265 708 1296 coena,

275 1314 400 1352 Frater„
428 1322 501 1344 ecce
525 1317 628 1345 mater
652 1316 716 1352 tua,

273 1361 362 1392 Tunc
386 1361 510 1400 accepit
533 1361 615 1392 hanc
638 1361 672 1392 in
697 1370 766 1403 sua;

848 1209 930 1242 lob.

849 1312 931 1346 11b.

869 276 929 311 lb.
950 276 1057 315 Plebs,
1072 284 1152 316 quae
1166 278 1276 307 cantus
1288 278 1336 307 est
1346 275 1469 316 ignara,

951 323 1000 355 Sit
1023 323 1057 355 in
1081 331 1177 362 prece
1201 332 1263 355 non
1289 331 1397 355 avara.

870 380 929 413 ab.
955 380 1052 412 Tanti
1076 378 1152 411 festi
1176 380 1246 411 laus
1271 379 1424 410 immensa

953 427 1045 460 Omni
1069 427 1172 466 major
1197 429 1245 458 est
1268 427 1422 466 impensa.

952 483 1088 516 Consors
1114 486 1220 515 tamen
1246 491 1284 514 ex
1306 483 1456 522 junctura

950 530 1013 563 Sua
1036 531 1172 571 plaudat
1192 530 1226 562 in
1250 539 1407 561 mensura.

867 587 927 621 41).
948 587 1095 627 Quaeque
1120 587 1230 619 vivunt
1254 587 1288 618 in
1304 587 1365 627 his„
1390 595 1472 626 pura

949 634 1075 666 Laudet
1099 634 1201 666 Deum
1229 637 1383 666 creatura.

950 691 1057 731 Digna
1083 691 1150 723 dies
1175 691 1341 722 harmonia

951 738 998 770 Sit
1022 738 1103 769 haec
1129 738 1196 770 dies
1221 738 1325 770 laudis
1350 738 1424 769 scia.

869 483 928 517 3b.

870 691 928 725 5b.

870 794 929 829 6b.
953 794 1021 833 Qua
1046 795 1192 826 coluntur
1214 794 1316 826 sancti
1341 793 1434 833 festa,

951 841 1015 873 Per
1040 850 1131 881 quem
1153 842 1209 873 lux
1229 845 1278 873 est
1291 839 1471 874 manifesta,

950 898 1017 930 Iste
1040 907 1140 929 novus
1167 898 1352 929 cithrarista

951 945 1024 977 Non
1051 945 1215 977 discordat
1238 954 1258 976 a
1281 944 1456 984 psalmista.

869 1002 928 1035 81).
949 1002 1009 1034 Ille
1034 1002 1125 1041 quasi
1149 1002 1252 1033 minus
1279 1004 1376 1040 certa,

952 1050 1019 1081 Iste
1043 1049 1163 1088 promit
1188 1049 1261 1088 plus
1287 1051 1408 1088 aperta.

953 1106 1015 1138 Ille
1039 1106 1139 1145 magis
1165 1114 1258 1144 quam
1283 1104 1450 1146 propheta,

955 1152 1042 1185 Coeli
1066 1152 1149 1184 vidit
1171 1152 1225 1183 hic
1248 1155 1381 1184 secreta.

954 1209 1038 1241 Huic
1062 1209 1095 1240 in
1121 1217 1215 1240 cruce
1238 1209 1382 1249 pendens
1406 1208 1473 1240 vita

954 1256 1037 1288 Dum
1063 1256 1206 1288 adstaret
1230 1256 1333 1296 inquit
1356 1256 1418 1288 ita:

957 1314 1052 1347 Casto
1079 1316 1184 1345 castae
1208 1313 1302 1344 datur
1328 1321 1404 1344 cura

955 1360 1120 1394 Castitatis
1149 1369 1209 1400 pro
1236 1368 1377 1391 censura.

870 897 928 931 7b.

871 1105 931 1139 eb.

242 1426 300 1453 Mis
345 1434 388 1453 ms
412 1426 506 1461 Capit.
522 1424 706 1453 Cracoviensr
725 1425 749 1453 1.
764 1434 838 1454 saec.
855 1424 899 1454 15.
914 1427 948 1454 A.
962 1441 999 1445 —
1012 1427 1096 1454 Miss.
1110 1434 1163 1453 ms.
1179 1425 1272 1461 Capit.
1288 1424 1473 1453 Craeoviens.

166 1461 194 1491 3.
231 1472 290 1491 aec.
310 1462 353 1491 151.
373 1464 422 1495 Β.;
443 1464 578 1491 letzteres
598 1465 652 1491 mit
669 1464 738 1491 Mel.

526 1555 585 1587 251.
624 1555 669 1586 De
688 1564 711 1586 s.
731 1555 873 1587 Johanne
892 1555 1110 1595 Evangelista.

252 1615 365 1647 Scriba
390 1616 501 1648 doctus
526 1616 616 1648 verbi
640 1616 710 1659 Dei,

250 1663 337 1694 Anni
361 1672 475 1703 praeco
497 1663 631 1703 jubilaei

299 1710 422 1751 Dignus
446 1713 494 1742 est
517 1711 668 1751 tripudio,

251 1767 316 1798 Hic
339 1777 359 1799 a
381 1767 507 1799 Christo
533 1768 758 1808 praedilectus,

253 1814 349 1854 Cujus
371 1814 488 1846 cubans
512 1824 610 1854 supra
634 1819 745 1855 pectus

301 1861 454 1894 Convivat
478 1861 623 1905 feliciter,

255 1918 367 1950 Litans
392 1927 427 1950 se
449 1928 508 1958 pro
533 1919 624 1951 nobis
647 1919 744 1959 patri,

252 1965 347 1997 Hunc
369 1966 567 1998 commendat
584 1966 678 1998 Jesus
698 1966 795 1998 matri

299 2012 345 2044 Et
367 2015 502 2044 matrem
529 2013 696 2053 discipulo,

254 2068 340 2100 Loco
365 2069 434 2100 saxi
458 2078 581 2109 gemma
604 2070 690 2110 viget

253 2115 298 2146 Et
326 2116 495 2156 virgultum
518 2126 594 2148 auro
619 2117 702 2157 riget

303 2162 456 2194 Johannis
479 2163 623 2206 imperio,

257 2219 311 2250 Ad
337 2218 511 2251 confratres
535 2221 692 2260 invitaris,

259 2265 336 2297 Cum
359 2266 472 2305 quibus
496 2276 581 2298 nunc
603 2267 741 2307 epularis

305 2312 343 2344 1n
369 2312 486 2344 Christi
511 2315 664 2354 convivio,

850 1616 907 1650 1b.
930 1616 1077 1649 Summae
1103 1616 1179 1647 civis
1206 1615 1354 1655 civitatis,

931 1664 1105 1704 Indagator
1130 1663 1282 1695 trinitatis

980 1711 1083 1743 Γ1101131
1106 1711 1141 1742 111
1166 1710 1333 1750 principio.

851 1767 910 1801 ab.
932 1767 1053 1800 Nectar
1081 1768 1189 1799 haurit
1210 1768 1361 1807 salutare,

933 1815 983 1847 De
1010 1824 1070 1855 quo
1095 1815 1198 1855 possit
1221 1815 1395 1855 propinare

981 1862 1105 1895 Mundo
1135 1862 1365 1902 multipliciter.

853 1919 910 1953 3b.
932 1920 1042 1952 Vincit
1065 1920 1153 1951 virus
1179 1923 1209 1951 et
1238 1919 1371 1959 liquoris

934 1967 1069 1999 Aestum
1093 1966 1159 1998 fert
1183 1975 1298 2006 expers
1325 1966 1445 1999 doloris

981 2014 1061 2046 Exit
1085 2015 1125 2046 de
1149 2014 1304 2054 periculo.

853 2070 914 2104 4b.
936 2071 1084 2103 Rimatur
1109 2074 1234 2103 secreta
1259 2071 1350 2111 caeli,

934 2117 1086 2150 Succedit
1109 2119 1273 2151 Ezechieli

985 2166 1125 2199 concors
1150 2166 1386 2206 contemplatio.

856 2220 915 2254 5b.
937 2221 962 2253 O
986 2221 1159 2263 Johannes‚
1187 2222 1308 2255 Christi
1334 2232 1417 2267 care,

938 2269 1007 2301 Fac
1031 2278 1088 2301 nos
1113 2270 1191 2302 illuc
1216 2271 1447 2311 transmigrare

986 2316 1055 2348 Tuo
1080 2318 1268 2357 patrocinio.

249 2376 337 2404 Grad.
353 2385 405 2403 ms.
424 2377 589 2405 Lubieense
609 2387 632 2406 s.
653 2380 727 2414 sign.
749 2386 825 2406 saec.
848 2376 884 2406 14
904 2377 944 2406 111.
964 2395 1003 2399 -
1021 2381 1110 2408 Mel..
1131 2382 1303 2409 Hodiernae
1321 2382 1375 2410 lux
1394 2383 1466 2412 diei.
