1653 2632
660 104 919 139 —120—

848 200 906 234 8b.
927 200 1048 231 Noscat
1073 200 1174 231 solum
1198 208 1308 231 verum
1329 199 1432 231 Deum

927 246 984 279 Me
1000 247 1021 279 J
1023 254 1108 277 esum
1134 249 1166 277 et
1190 249 1314 286 patrem
1333 255 1447 278 meum.

848 303 905 337 9b.
927 303 996 335 Deo
1020 302 1132 333 similis
1157 302 1294 342 videtur,

928 349 991 382 Dei
1014 348 1099 381 filius
1123 352 1264 384 vocetur.

825 406 907 440 10b.
926 406 1053 438 Merces
1078 408 1254 445 martyrum
1277 414 1428 447 meorum,

928 453 1020 494 Volo,
1046 461 1178 494 regnum
1203 453 1246 484 sit
1269 453 1424 493 polorum.

825 511 867 544 11
876 511 906 543 b.
927 511 1046 543 Το011111
1071 510 1209 551 gaudeat
1233 509 1355 550 beatus,

926 558 1055 590 Mecum
1080 560 1192 598 regnet
1217 560 1394 590 coronatus.

825 615 906 649 12b.
930 615 1067 648 Cunctos
1091 614 1194 647 bonae
1217 614 1390 647 voluntatis

929 663 1047 695 Tecum
1073 671 1142 694 esse
1167 671 1236 694 cum
1260 662 1373 695 beatis.

164 202 219 234 Sa.
242 199 383 232 Mundus
413 200 510 232 corde
534 208 643 232 servus
667 208 765 240 meus,

246 246 364 279 Cernat
387 256 445 288 me,
471 247 524 287 qui
548 247 764 285 Homo-Deus

165 307 220 339 9a.
245 303 403 337 Pacificus
427 304 614 339 habebatur,

243 351 324 384 Volo
348 360 428 392 pace
452 351 646 394 perfruatur,

141 409 184 441 10
192 418 221 443 a.
246 408 374 449 Martyr
398 409 541 449 perstitit
566 407 681 448 fidelis,

245 456 372 488 Merces
397 456 464 495 ejus
489 456 532 487 sit
555 456 587 487 in
615 455 730 494 caelis3

143 512 222 546 lla.
245 512 372 544 Mecum
397 512 440 543 sit
464 512 582 543 electus
606 520 705 552 meus,

245 560 343 599 Quem
369 559 449 599 elegi
475 567 531 599 ego
556 558 653 599 Deus,

143 616 220 649 12a.
247 617 324 656 Fac,
349 615 486 656 benigne
511 615 573 647 Dei
593 618 677 656 nate,

245 663 313 694 Fac
334 663 368 694 in
393 663 476 695 bona
499 663 672 704 voluntate,

214 747 301 776 Grad.
321 757 374 775 1115.
394 748 489 775 Palat.
509 748 676 776 Vindobon.
698 747 797 777 13314
823 756 899 776 saec.
916 747 960 775 11.
985 748 1049 775 add.
1077 756 1151 776 saec.
1174 745 1218 774 12.
1239 747 1274 774 A.
1300 762 1336 766 —-
1363 747 1449 775 Grad.

141 794 194 813 1115.
223 785 559 822 clausu-numburgenso
590 784 646 815 588
676 795 752 815 saec.
789 785 833 814 14.
863 787 897 814 B.
922 801 960 805 —
986 785 1034 820 la,
1062 785 1077 814 1
1113 785 1230 813 Laudes
1256 787 1333 821 regis
1358 786 1392 813 B.
1412 801 1451 804 —

143 821 194 857 221,
217 823 231 851 1
253 824 327 852 V³lo
349 828 431 860 pater
451 824 560 860 psallat
578 833 660 853 meus
681 825 714 853 B.
734 841 773 845 —
794 823 844 860 sa,
866 823 880 852 1
901 825 985 851 Mitis
1005 824 1091 852 corde
1110 824 1144 851 Β.

577 973 639 1005 155.
685 973 734 1004 De
759 973 865 1004 sancto
886 972 1018 1004 Bavone.

164 1062 218 1093 la.

165 1214 221 1247 2a.

165 1367 221 1399 Sa.

165 1519 223 1551 4a.

168 1721 222 1752 5a.

168 1873 223 1906 6a.

171 2025 226 2058 va.

169 2178 225 2210 8a.

245 1061 347 1093 Tuum
373 1062 489 1094 mundo
514 1063 583 1102 toti,
609 1062 708 1103 Bavo,

246 1108 310 1141 Sed
335 1110 524 1149 praesertim
547 1110 587 1141 uit
612 1109 765 1142 Grandavo

294 1156 426 1189 Celebre
454 1157 650 1197 solemnium,

246 1214 346 1253 Bavo,
373 1214 551 1246 sanctitatis
576 1223 687 1246 norma

247 1260 344 1301 Gregi
368 1264 421 1293 tuo
447 1270 480 1293 es
506 1264 538 1293 et
562 1260 666 1294 forma

291 1308 336 1340 Et
358 1309 489 1341 vivendi
512 1310 685 1349 speculum,

249 1365 295 1398 Ut
320 1375 338 1397 a
361 1366 473 1406 primis
498 1366 568 1398 laus
588 1368 726 1406 taxatur,

245 1412 320 1453 Quis
343 1422 407 1445 non
432 1414 526 1454 digne
551 1414 728 1446 admiratur

293 1460 454 1493 Virtutum
478 1461 664 1504 primordia,

250 1518 416 1558 conjugali
436 1518 585 1551 viduatus

296 1565 402 1597 Thoro
429 1565 589 1598 Christum
614 1566 767 1606 sequeris,

247 1614 311 1646 Per
335 1614 516 1646 Amandum
542 1614 709 1646 clericatus

293 1661 429 1701 Apicem
453 1661 641 1702 assequeris.

250 1720 380 1753 Coetum
405 1717 488 1759 fugis
512 1719 710 1762 popularem,

246 1768 353 1807 Fagus
377 1767 477 1807 prius,
503 1770 577 1807 post
599 1767 653 1799 dat
668 1767 769 1799 larem

295 1814 383 1847 Silva
406 1823 543 1846 vernans
567 1813 673 1847 fluvio.

249 1871 385 1904 Frustra
410 1870 502 1912 fugis,
529 1881 602 1904 nam
627 1872 745 1904 veritas

248 1919 352 1952 Dicit:
379 1920 412 1951 in
438 1923 544 1952 monte
569 1920 681 1952 civitas

298 1967 366 1999 Sita
389 1976 453 1999 non
478 1967 694 2007 absconditur,

252 2024 301 2056 Tu
327 2024 438 2056 civitas
464 2024 590 2058 Christo
614 2025 686 2064 sita,

248 2070 362 2103 Monte
385 2072 506 2112 pingui,
533 2081 594 2111 quo
619 2071 741 2103 munita

299 2119 371 2151 Non
396 2120 488 2151 times
512 2119 662 2159 insidias;

251 2177 359 2208 Aurae
382 2174 493 2208 flatum
516 2176 681 2216 popularis

251 2224 327 2255 Plus
343 2224 517 2264 declinans,
531 2224 604 2263 plus
616 2222 768 2262 laudaris,

249 2270 346 2302 Flatu
371 2274 477 2303 tamen
500 2280 563 2303 non
585 2269 706 2302 inflaris

297 2318 335 2350 In
360 2318 462 2350 solido
486 2319 618 2358 positus.

848 1062 905 1094 11).

849 1213 907 1246 21).

849 1365 907 1399 3b.

849 1517 907 1551 4b.

852 1718 909 1752 5b.

852 1869 909 1904 6h.

854 2023 912 2055 712.

852 2174 909 2209 8b.

929 1060 1016 1093 Grex
1039 1061 1172 1101 insignis
1198 1061 1237 1092 de
1261 1064 1396 1100 patrono

929 1108 1050 1140 Plausu
1073 1108 1196 1148 mentis,
1219 1108 1283 1140 oris
1308 1116 1384 1140 sono

981 1155 1135 1188 Concinat
1158 1156 1371 1195 praeconium.

928 1213 998 1245 Tua
1022 1213 1099 1253 vita,
1125 1213 1172 1244 tui
1195 1221 1300 1245 mores

929 1261 974 1293 Et
997 1261 1151 1293 virtutum
1176 1260 1267 1292 verni
1290 1258 1384 1292 flores

978 1308 1109 1341 Omnem
1135 1308 1266 1341 vincunt
1289 1308 1425 1339 titulum.

929 1365 1023 1397 Vitae
1047 1364 1159 1406 fastus,
1185 1365 1287 1397 honor
1312 1373 1433 1404 census,

930 1413 1451 1453 Quaepravorummutantsensu8‚

977 1460 1082 1493 Erant
1105 1460 1166 1493 tibi
1190 1461 1277 1493 vilia.

931 1518 1012 1558 Apis
1038 1527 1137 1558 sagax
1162 1517 1377 1558 perfectorum

978 1565 1096 1603 Vitam,
1122 1574 1226 1597 mores
1251 1565 1404 1605 adspicis,

932 1613 1013 1645 Inde
1036 1613 1097 1645 tibi
1120 1614 1206 1646 vitae
1229 1622 1353 1645 morum

979 1660 1085 1693 Favos
1112 1661 1222 1693 dulces
1248 1659 1386 1693 conficis.

930 1717 984 1750 Sic
1007 1717 1177 1750 abscondis
1204 1718 1375 1757 civitatem⁷

932 1766 985 1799 Sic
1008 1766 1159 1797 lucernae
1183 1766 1360 1798 claritatem

980 1813 1128 1846 Occultas
1153 1814 1211 1846 sub
1236 1813 1353 1846 modio.

932 1870 1045 1911 Neque
1068 1871 1200 1903 lucerna
1221 1871 1361 1911 luminis,

930 1919 1031 1951 Plena
1054 1927 1185 1950 munere
1208 1918 1355 1959 numinis,

983 1965 1047 1998 Sub
1072 1966 1179 1998 modio
1203 1966 1330 2006 tegitur.

934 2024 984 2056 Tu
1007 2023 1139 2054 lucerna
1165 2023 1243 2054 dans
1265 2022 1429 2064 fulgorem,

934 2071 1000 2110 Quo
1028 2070 1084 2102 das
1110 2070 1186 2102 sciri
1211 2073 1244 2102 et
1268 2079 1408 2103 errorem

981 2117 1026 2149 Et
1047 2117 1147 2150 hostis
1172 2119 1339 2150 versutias.

934 2174 994 2214 Qui
1020 2175 1060 2207 de
1083 2175 1201 2207 mundo
1226 2178 1259 2207 te
1281 2175 1417 2207 vocavit.

934 2223 973 2255 In
997 2231 1032 2254 se
1056 2225 1179 2262 petram
1204 2225 1237 2254 te
1260 2223 1387 2263 locavit,

932 2270 972 2303 In
997 2278 1031 2301 se
1055 2273 1180 2310 petram
1205 2269 1355 2302 solidavit

982 2316 1037 2349 Sui
1064 2318 1145 2350 dono
1170 2317 1312 2357 spiritus.
