1653 2632
643 147 808 182 —203
859 167 904 171 —

139 237 195 269 Sa.
224 237 249 270 O
275 246 327 270 res
352 240 443 283 mira,
469 250 521 273 res
548 242 668 282 divina,
826 243 885 276 81).
908 243 1023 275 Totum
1046 244 1112 276 ruit
1133 243 1386 284 instrumentum,

220 284 306 318 Dum
330 287 473 319 volventi
496 289 678 322 Katharina
909 290 1429 331 Haectormentisfittormentum,

270 333 374 366 Rotae
395 337 632 377 superponitur,
957 336 1035 377 Ipsa
1057 347 1212 377 nusquam
1236 338 1386 371 laeditur.

140 389 197 421 9a.
224 388 303 421 Post
327 393 487 424 tormenta
514 393 701 434 decollatur,
830 394 888 427 9b.
910 393 979 426 Lac
1003 393 1114 426 effudit
1135 403 1198 426 non
1224 403 1378 428 cruorem.

226 436 398 470 Decollata
424 439 593 471 decoratur
912 441 1096 474 Inattritum
1122 442 1226 474 carnis
1251 440 1360 474 florem

273 485 396 525 Insigni
420 486 585 529 miraculo,
959 488 1094 529 Signans
1118 489 1179 521 hoc
1205 489 1375 530 signaculo.

116 540 160 572 10
168 549 197 573 a.
221 540 348 580 oquam
356 541 461 582 digne,
469 544 746 586 quampraeclare,
807 545 888 577 10b.
915 544 1011 585 Cujus
1037 555 1151 585 eorpus
1174 546 1356 585 sepulturae

225 586 284 620 Pie
309 588 408 629 Deus,
435 592 510 621 tuae
536 599 629 622 carae
913 592 1002 624 Dant
1024 593 1162 624 ministri
1186 596 1261 625 tuae
1286 602 1379 625 curae

271 636 445 668 veneraris
472 637 601 677 exitum,
959 639 1072 671 Monte
1097 640 1174 672 Sina
1198 640 1346 680 positum.

117 691 196 724 lla.
223 689 350 723 Tumba
373 695 483 724 manat
504 693 610 733 liquor
635 695 735 735 pacis,
808 694 890 727 11b.
914 694 998 726 Nam
1022 698 1054 726 et
1068 696 1154 727 sanis
1171 697 1225 728 hic
1239 699 1433 737 unguentum

222 739 262 771 In
288 748 360 780 quo,
389 739 526 781 Christe,
551 743 608 773 tua
632 740 713 773 facis
913 741 1029 774 Fidem
1054 746 1162 775 servat
1182 747 1214 775 et
1229 744 1433 784 languentum

270 783 425 819 Potenter
450 787 618 828 miracula,
961 790 1086 822 Blande
1110 791 1207 822 solvit
1231 791 1367 823 vincula.

117 843 160 875 12
169 852 198 875 a.
226 842 327 876 Sacra
350 846 484 885 martyr,
506 845 597 885 virgo
622 846 687 886 pia,
808 845 890 878 121).
913 845 1434 879 UtadGhristumverummontem

222 890 291 923 Nos
315 891 350 923 in
374 890 469 931 huJus
496 893 581 924 vitae
604 894 658 924 via
912 894 977 925 Per
1001 896 1126 925 tuarum
1151 903 1282 934 precum
1303 897 1433 934 pontem

272 938 327 970 Sic
349 939 489 979 impetra
513 940 622 972 vivero
961 940 1132 972 Valeamus
1157 942 1321 975 scandere.

191 999 277 1026 Miss.
304 1007 358 1026 ms.
385 999 556 1027 Parisiense
583 1008 659 1027 saec.
688 999 732 1027 15.
761 1000 831 1027 Coti.
860 1000 1015 1027 Hafniens.
1041 1001 1140 1028 Thott.
1161 1001 1225 1029 Eoi.
1252 999 1315 1029 146.
1335 1000 1370 1027 A.
1396 1017 1434 1020 —

113 1037 200 1064 Miss.
223 1045 278 1064 ms.
304 1037 494 1072 Traiectense
517 1046 593 1065 saec.
623 1036 668 1065 15.
697 1038 766 1065 Cod.
792 1038 936 1065 Mazarin.
962 1036 1029 1066 433.
1055 1037 1132 1073 (224)
1160 1040 1192 1066 Β.
1212 1054 1249 1058 -
1269 1039 1353 1066 Μίε).
1380 1047 1432 1066 ms.

113 1075 283 1102 Parisiense
303 1083 379 1102 saec.
403 1074 447 1103 15.
468 1075 538 1103 Cod.
550 1076 759 1112 Rotomagens.
782 1074 847 1103 279.
863 1074 893 1101 C.
908 1091 945 1095 —-
958 1076 1041 1103 Miss.
1064 1085 1118 1104 ms.
1133 1077 1342 1104 Cameracense
1359 1084 1434 1104 saec.

115 1110 159 1140 15.
187 1112 258 1140 Cod.
287 1112 489 1141 Cameracens.
519 1112 581 1141 151.
607 1114 644 1141 D.
665 1128 703 1132 —-
722 1114 838 1141 Prosar.
864 1121 917 1140 ms.
944 1114 1170 1142 Mai-chianense
1194 1122 1270 1142 saec.
1298 1113 1341 1141 15.
1364 1114 1433 1142 (scd.

114 1151 262 1179 Duacens.
284 1148 347 1178 123.
365 1151 401 1178 E.
421 1165 460 1169 —
481 1150 530 1186 la,
552 1149 569 1178 3
586 1151 685 1179 Hodie
703 1151 873 1185 jucunditas
887 1151 920 1177 B.
941 1166 979 1171 —
1000 1151 1052 1185 lb,
1074 1151 1089 1180 1
1106 1152 1180 1180 Cum
1199 1153 1334 1188 regnanti
1350 1153 1383 1180 B.
1398 1167 1433 1171 —

116 1187 171 1222 lb,
202 1186 220 1216 3
245 1189 338 1216 nubet
357 1190 391 1216 A.
413 1203 450 1207 —
470 1187 523 1222 Sa,
554 1188 568 1217 1
593 1189 700 1217 Ortam
727 1189 815 1216 claris
835 1190 871 1216 A.
890 1202 929 1206 —
949 1189 1007 1222 7a,
1035 1188 1053 1216 2
1079 1191 1175 1217 virum
1195 1190 1252 1217 AC.
1332 1188 1389 1225 ⁰1),
1418 1188 1435 1218 3

114 1226 271 1263 plusquam
291 1226 376 1255 ABG.
398 1243 436 1247 -
456 1227 514 1255 Str.
535 1225 553 1254 2
573 1228 633 1254 und
653 1225 671 1255 3
692 1227 790 1255 fehlen
810 1227 846 1254 D.

537 1309 598 1341 271.
639 1310 682 1341 De
703 1310 812 1342 sancta
831 1309 1019 1340 Katharina..

117 1370 171 1403 1a.
198 1370 301 1402 Laeta
325 1369 411 1402 festa
807 1370 865 1404 1b.
887 1370 985 1410 Regis
1011 1379 1130 1409 sponsa

200 1418 350 1451 Celebret
375 1418 483 1451 concio
508 1421 620 1451 nostra
889 1417 959 1456 Qua
982 1418 1109 1450 scandit
1133 1418 1201 1457 poli
1226 1422 1350 1450 secreta

246 1465 309 1497 Die
333 1466 406 1506 ista,
938 1465 1131 1498 Katharina.

116 1523 172 1556 Za.
199 1523 359 1563 Angelum
383 1523 520 1564 imitata,
807 1523 867 1556 2b.
891 1522 947 1555 Sol
971 1523 1137 1555 illustrans
1162 1523 1322 1555 rhethore-

201 1569 297 1603 Oarni
320 1580 482 1611 nunquam
507 1570 646 1610 subdita,
889 1571 954 1603 Per
978 1571 1062 1602 hanc
1086 1570 1166 1603 vicit
1190 1574 1222 1602 et
1244 1570 1321 1602 fecit

249 1618 343 1650 Forti
368 1627 424 1650 ore
939 1617 1012 1650 Jam
1038 1618 1187 1650 victores.

119 1677 174 1709 3a.
202 1674 294 1707 Sicut
318 1675 479 1715 quondam
504 1673 646 1715 perfidos
809 1674 867 1708 3b.
893 1674 1006 1714 Neque
1029 1675 1104 1715 igne
1128 1675 1231 1715 pueri,

199 1723 383 1755 Prostravit
406 1722 598 1755 Chaldaicos
891 1721 1004 1761 Neque
1027 1722 1117 1762 virgo
1146 1722 1241 1754 rotali

248 1770 326 1802 Pari
353 1768 458 1801 forma
938 1770 1012 1801 Axe
1035 1772 1141 1808 rupta.

119 1829 177 1862 43„
205 1827 330 1861 Gedrus
356 1827 438 1858 haec
463 1828 510 1858 est
535 1825 662 1867 Libani,
809 1825 869 1859 4b.
891 1825 1033 1857 Verbum
1058 1825 1141 1857 hanc
1165 1826 1317 1864 visitavit,

202 1875 286 1907 Nam
311 1875 457 1915 reginam
482 1873 559 1917 fidei
892 1873 976 1905 Duci
1001 1883 1020 1905 a
1043 1873 1199 1905 militibus

249 1922 452 1962 Mancipavit
465 1934 472 1963 ;
941 1920 1152 1953 Detrectavit.

120 1981 175 2014 5a.
201 1980 305 2013 Isaias
332 1979 458 2021 cecinit,
811 1977 870 2011 5b.
892 1977 927 2009 Si
950 1986 1014 2009 non
1039 1977 1104 2009 suis
1128 1977 1278 2017 precibus

200 2027 292 2060 Haec
315 2028 490 2060 decantans
515 2026 661 2058 meminit
893 2025 995 2057 Nobis
1021 2024 1268 2065 suffragantibus

201 2076 330 2109 Dilecto
356 2078 389 2106 et
411 2075 527 2107 vineae
894 2073 1003 2113 Atque
1027 2073 1282 2112 supplicantibus

251 2122 419 2163 Jubilavit,
941 2120 1129 2154 Medicavit.

121 2177 176 2210 Ga.
203 2174 324 2208 Infelix
350 2174 501 2214 excussit,
681 2212 684 2218 Ι
812 2172 870 2206 6b.
896 2172 996 2211 Quam
1024 2173 1118 2204 docet
1141 2172 1247 2213 litera,

201 2223 341 2256 Manans
363 2222 416 2254 lac
441 2222 563 2263 eduxit,
895 2219 997 2252 Manu
1022 2220 1166 2261 angelica

254 2271 405 2305 Sanctam
431 2269 570 2312 animam
943 2267 1031 2299 Ecce
1053 2268 1191 2299 locatam

298 2318 372 2352 Lux
395 2317 560 2358 produxit.
991 2315 1103 2347 Monte
1128 2316 1214 2349 Sina.

199 2380 286 2409 Grad.
316 2388 370 2407 ms.
399 2379 588 2407 Dominican.
613 2384 696 2405 saec.
725 2375 770 2404 14.
797 2375 867 2404 Cod.
893 2375 1114 2412 Oenipontanus
1140 2375 1204 2404 710.
1229 2377 1265 2405 A.
1290 2392 1328 2396 ——
1355 2377 1443 2406 Grad.

122 2418 356 2446 Schiiftlariense
376 2425 454 2446 saec.
478 2415 522 2444 15.
544 2416 617 2444 Clm.
637 2416 808 2444 Monacens.
831 2412 866 2443 13
878 2412 943 2442 026.
964 2415 997 2442 B.
1018 2431 1055 2435 --
1075 2415 1158 2443 Me1.:
1179 2415 1400 2444 Laetabundus.
