<?xml version="1.0" encoding="UTF-8"?>
<!DOCTYPE html PUBLIC "-//W3C//DTD XHTML 1.0 Transitional//EN"
    "http://www.w3.org/TR/xhtml1/DTD/xhtml1-transitional.dtd">
<html xmlns="http://www.w3.org/1999/xhtml" xml:lang="en" lang="en">
 <head>
  <title>
</title>
<meta http-equiv="Content-Type" content="text/html;charset=utf-8" />
  <meta name='ocr-system' content='tesseract 3.04.00' />
  <meta name='ocr-capabilities' content='ocr_page ocr_carea ocr_par ocr_line ocrx_word'/>
</head>
<body>
  <div class='ocr_page' id='page_1' title='image "./analectahymnica09drevuoft_00193.png"; bbox 0 0 1653 2632; ppageno 0'>
   <div class='ocr_carea' id='block_1_1' title="bbox 198 218 252 248">
    <p class='ocr_par' dir='ltr' id='par_1_1' title="bbox 198 218 252 248">
     <span class='ocr_line' id='line_1_1' title="bbox 198 218 252 248; baseline 0 0"><span class='ocrx_word' id='word_1_1' title='bbox 198 218 252 248; x_wconf 84' lang='lat' dir='ltr'>7a.</span> 
     </span>
    </p>
   </div>
   <div class='ocr_carea' id='block_1_2' title="bbox 197 369 253 401">
    <p class='ocr_par' dir='ltr' id='par_1_2' title="bbox 197 369 253 401">
     <span class='ocr_line' id='line_1_2' title="bbox 197 369 253 401; baseline -0.018 0"><span class='ocrx_word' id='word_1_2' title='bbox 197 369 253 401; x_wconf 86' lang='grc'><strong>83.</strong></span> 
     </span>
    </p>
   </div>
   <div class='ocr_carea' id='block_1_3' title="bbox 716 130 973 165">
    <p class='ocr_par' dir='ltr' id='par_1_3' title="bbox 716 130 973 165">
     <span class='ocr_line' id='line_1_3' title="bbox 716 130 973 165; baseline 0 0"><span class='ocrx_word' id='word_1_3' title='bbox 716 130 973 165; x_wconf 84' lang='lat'>—192—</span> 
     </span>
    </p>
   </div>
   <div class='ocr_carea' id='block_1_4' title="bbox 278 218 605 356">
    <p class='ocr_par' dir='ltr' id='par_1_4' title="bbox 278 218 605 356">
     <span class='ocr_line' id='line_1_4' title="bbox 280 218 571 259; baseline 0.017 -11"><span class='ocrx_word' id='word_1_4' title='bbox 280 218 402 250; x_wconf 88' lang='lat' dir='ltr'>Veneni</span> <span class='ocrx_word' id='word_1_5' title='bbox 425 221 571 259; x_wconf 88' lang='lat' dir='ltr'>poculum</span> 
     </span>
     <span class='ocr_line' id='line_1_5' title="bbox 278 264 590 300; baseline 0.013 -4"><span class='ocrx_word' id='word_1_6' title='bbox 278 264 398 297; x_wconf 83' lang='lat' dir='ltr'>Hauris</span> <span class='ocrx_word' id='word_1_7' title='bbox 422 267 590 300; x_wconf 88' lang='lat' dir='ltr'>innocuum</span> 
     </span>
     <span class='ocr_line' id='line_1_6' title="bbox 325 312 605 356; baseline 0.018 -13"><span class='ocrx_word' id='word_1_8' title='bbox 325 312 441 345; x_wconf 88' lang='lat' dir='ltr'>Divino</span> <span class='ocrx_word' id='word_1_9' title='bbox 465 324 605 356; x_wconf 86' lang='lat' dir='ltr'>munere,</span> 
     </span>
    </p>
   </div>
   <div class='ocr_carea' id='block_1_5' title="bbox 279 368 756 508">
    <p class='ocr_par' dir='ltr' id='par_1_5' title="bbox 279 368 756 508">
     <span class='ocr_line' id='line_1_7' title="bbox 281 368 756 405; baseline 0.013 -6"><span class='ocrx_word' id='word_1_10' title='bbox 281 368 329 400; x_wconf 93' lang='lat' dir='ltr'>De</span> <span class='ocrx_word' id='word_1_11' title='bbox 353 372 385 400; x_wconf 92' lang='lat' dir='ltr'>te</span> <span class='ocrx_word' id='word_1_12' title='bbox 411 370 554 403; x_wconf 85' lang='lat' dir='ltr'>Christus</span> <span class='ocrx_word' id='word_1_13' title='bbox 577 372 658 404; x_wconf 89' lang='lat' dir='ltr'>illud</span> <span class='ocrx_word' id='word_1_14' title='bbox 681 382 756 405; x_wconf 86' lang='lat' dir='ltr'>vere</span> 
     </span>
     <span class='ocr_line' id='line_1_8' title="bbox 279 415 714 451; baseline 0.009 -4"><span class='ocrx_word' id='word_1_15' title='bbox 279 415 387 448; x_wconf 80' lang='lat' dir='ltr'><strong>Dixit:</strong></span> <span class='ocrx_word' id='word_1_16' title='bbox 415 417 486 448; x_wconf 90' lang='lat' dir='ltr'>volo</span> <span class='ocrx_word' id='word_1_17' title='bbox 513 418 560 449; x_wconf 90' lang='lat' dir='ltr'>sic</span> <span class='ocrx_word' id='word_1_18' title='bbox 585 428 714 451; x_wconf 86' lang='lat' dir='ltr'>manere</span> 
     </span>
     <span class='ocr_line' id='line_1_9' title="bbox 326 462 714 508; baseline 0.01 -15"><span class='ocrx_word' id='word_1_19' title='bbox 326 462 419 503; x_wconf 86' lang='lat' dir='ltr'>Eum,</span> <span class='ocrx_word' id='word_1_20' title='bbox 448 464 548 495; x_wconf 88' lang='lat' dir='ltr'>donec</span> <span class='ocrx_word' id='word_1_21' title='bbox 572 466 714 508; x_wconf 70' lang='lat' dir='ltr'>veniam,</span> 
     </span>
    </p>
   </div>
   <div class='ocr_carea' id='block_1_6' title="bbox 877 226 1291 260">
    <p class='ocr_par' dir='ltr' id='par_1_6' title="bbox 877 226 1291 260">
     <span class='ocr_line' id='line_1_10' title="bbox 877 226 1291 260; baseline -0.002 -1"><span class='ocrx_word' id='word_1_22' title='bbox 877 226 934 260; x_wconf 88' lang='lat' dir='ltr'>7b.</span> <span class='ocrx_word' id='word_1_23' title='bbox 955 227 1090 259; x_wconf 77' lang='lat' dir='ltr'>Missum</span> <span class='ocrx_word' id='word_1_24' title='bbox 1114 227 1148 258; x_wconf 90' lang='lat' dir='ltr'>in</span> <span class='ocrx_word' id='word_1_25' title='bbox 1173 227 1291 259; x_wconf 89' lang='lat' dir='ltr'>dolium</span> 
     </span>
    </p>
   </div>
   <div class='ocr_carea' id='block_1_7' title="bbox 876 376 935 409">
    <p class='ocr_par' dir='ltr' id='par_1_7' title="bbox 876 376 935 409">
     <span class='ocr_line' id='line_1_11' title="bbox 876 376 935 409; baseline 0 0"><span class='ocrx_word' id='word_1_26' title='bbox 876 376 935 409; x_wconf 89' lang='lat' dir='ltr'>8b.</span> 
     </span>
    </p>
   </div>
   <div class='ocr_carea' id='block_1_8' title="bbox 957 273 1302 353">
    <p class='ocr_par' dir='ltr' id='par_1_8' title="bbox 957 273 1302 353">
     <span class='ocr_line' id='line_1_12' title="bbox 957 273 1284 306; baseline 0 -1"><span class='ocrx_word' id='word_1_27' title='bbox 957 274 1004 305; x_wconf 87' lang='lat' dir='ltr'>Te</span> <span class='ocrx_word' id='word_1_28' title='bbox 1028 273 1155 306; x_wconf 85' lang='lat' dir='ltr'>fervens</span> <span class='ocrx_word' id='word_1_29' title='bbox 1180 274 1284 305; x_wconf 87' lang='lat' dir='ltr'>oleum</span> 
     </span>
     <span class='ocr_line' id='line_1_13' title="bbox 1005 321 1302 353; baseline -0.003 -1"><span class='ocrx_word' id='word_1_30' title='bbox 1005 321 1141 352; x_wconf 70' lang='lat' dir='ltr'>Vei-etur</span> <span class='ocrx_word' id='word_1_31' title='bbox 1163 321 1302 353; x_wconf 85' lang='lat' dir='ltr'>laedere.</span> 
     </span>
    </p>
   </div>
   <div class='ocr_carea' id='block_1_9' title="bbox 956 377 1475 502">
    <p class='ocr_par' dir='ltr' id='par_1_9' title="bbox 956 377 1475 502">
     <span class='ocr_line' id='line_1_14' title="bbox 956 377 1317 416; baseline -0.006 -7"><span class='ocrx_word' id='word_1_32' title='bbox 956 377 1075 410; x_wconf 88' lang='lat' dir='ltr'>Volens</span> <span class='ocrx_word' id='word_1_33' title='bbox 1099 377 1144 408; x_wconf 88' lang='lat' dir='ltr'>ibi</span> <span class='ocrx_word' id='word_1_34' title='bbox 1169 377 1317 416; x_wconf 86' lang='lat' dir='ltr'>mitigare</span> 
     </span>
     <span class='ocr_line' id='line_1_15' title="bbox 960 423 1475 463; baseline -0.006 -7"><span class='ocrx_word' id='word_1_35' title='bbox 960 424 1097 456; x_wconf 79' lang='lat' dir='ltr'>Poenam</span> <span class='ocrx_word' id='word_1_36' title='bbox 1123 426 1255 463; x_wconf 83' lang='lat' dir='ltr'>tantum,</span> <span class='ocrx_word' id='word_1_37' title='bbox 1281 432 1346 454; x_wconf 90' lang='lat' dir='ltr'>non</span> <span class='ocrx_word' id='word_1_38' title='bbox 1369 423 1475 454; x_wconf 82' lang='lat' dir='ltr'>vitare</span> 
     </span>
     <span class='ocr_line' id='line_1_16' title="bbox 1007 469 1471 502; baseline 0 0"><span class='ocrx_word' id='word_1_39' title='bbox 1007 470 1145 502; x_wconf 80' lang='lat' dir='ltr'>Mortem</span> <span class='ocrx_word' id='word_1_40' title='bbox 1172 470 1294 501; x_wconf 88' lang='lat' dir='ltr'>cunctis</span> <span class='ocrx_word' id='word_1_41' title='bbox 1321 469 1471 502; x_wconf 76' lang='lat' dir='ltr'>debitam.</span> 
     </span>
    </p>
   </div>
   <div class='ocr_carea' id='block_1_10' title="bbox 198 518 1365 560">
    <p class='ocr_par' dir='ltr' id='par_1_10' title="bbox 198 518 1365 560">
     <span class='ocr_line' id='line_1_17' title="bbox 198 518 1365 560; baseline 0.006 -10"><span class='ocrx_word' id='word_1_42' title='bbox 198 519 253 551; x_wconf 83' lang='lat' dir='ltr'>9a.</span> <span class='ocrx_word' id='word_1_43' title='bbox 279 518 423 558; x_wconf 88' lang='lat' dir='ltr'>Longum</span> <span class='ocrx_word' id='word_1_44' title='bbox 440 520 569 551; x_wconf 88' lang='lat' dir='ltr'>tandem</span> <span class='ocrx_word' id='word_1_45' title='bbox 587 524 661 560; x_wconf 83' lang='lat' dir='ltr'>post</span> <span class='ocrx_word' id='word_1_46' title='bbox 676 523 820 554; x_wconf 77' lang='lat' dir='ltr'><strong>exsilium</strong></span> <span class='ocrx_word' id='word_1_47' title='bbox 878 526 936 558; x_wconf 88' lang='lat' dir='ltr'>9b.</span> <span class='ocrx_word' id='word_1_48' title='bbox 960 527 1040 558; x_wconf 83' lang='lat' dir='ltr'>Inde</span> <span class='ocrx_word' id='word_1_49' title='bbox 1064 526 1155 557; x_wconf 88' lang='lat' dir='ltr'>nobis</span> <span class='ocrx_word' id='word_1_50' title='bbox 1181 525 1241 557; x_wconf 88' lang='lat' dir='ltr'>Dei</span> <span class='ocrx_word' id='word_1_51' title='bbox 1265 525 1365 557; x_wconf 88' lang='lat' dir='ltr'>filium</span> 
     </span>
    </p>
   </div>
   <div class='ocr_carea' id='block_1_11' title="bbox 196 1041 254 1073">
    <p class='ocr_par' dir='ltr' id='par_1_11' title="bbox 196 1041 254 1073">
     <span class='ocr_line' id='line_1_18' title="bbox 196 1041 254 1073; baseline 0 0"><span class='ocrx_word' id='word_1_52' title='bbox 196 1041 254 1073; x_wconf 88' lang='grc'>13.</span> 
     </span>
    </p>
   </div>
   <div class='ocr_carea' id='block_1_12' title="bbox 196 1194 251 1224">
    <p class='ocr_par' dir='ltr' id='par_1_12' title="bbox 196 1194 251 1224">
     <span class='ocr_line' id='line_1_19' title="bbox 196 1194 251 1224; baseline -0.018 0"><span class='ocrx_word' id='word_1_53' title='bbox 196 1194 251 1224; x_wconf 85' lang='grc'><strong>23.</strong></span> 
     </span>
    </p>
   </div>
   <div class='ocr_carea' id='block_1_13' title="bbox 195 1343 252 1375">
    <p class='ocr_par' dir='ltr' id='par_1_13' title="bbox 195 1343 252 1375">
     <span class='ocr_line' id='line_1_20' title="bbox 195 1343 252 1375; baseline -0.035 0"><span class='ocrx_word' id='word_1_54' title='bbox 195 1343 252 1375; x_wconf 85' lang='grc'><strong>33.</strong></span> 
     </span>
    </p>
   </div>
   <div class='ocr_carea' id='block_1_14' title="bbox 193 1494 250 1525">
    <p class='ocr_par' dir='ltr' id='par_1_14' title="bbox 193 1494 250 1525">
     <span class='ocr_line' id='line_1_21' title="bbox 193 1494 250 1525; baseline 0 0"><span class='ocrx_word' id='word_1_55' title='bbox 193 1494 250 1525; x_wconf 76' lang='grc'><strong>43.</strong></span> 
     </span>
    </p>
   </div>
   <div class='ocr_carea' id='block_1_15' title="bbox 194 1646 248 1677">
    <p class='ocr_par' dir='ltr' id='par_1_15' title="bbox 194 1646 248 1677">
     <span class='ocr_line' id='line_1_22' title="bbox 194 1646 248 1677; baseline 0 0"><span class='ocrx_word' id='word_1_56' title='bbox 194 1646 248 1677; x_wconf 83' lang='grc'><strong>53.</strong></span> 
     </span>
    </p>
   </div>
   <div class='ocr_carea' id='block_1_16' title="bbox 193 1845 251 1876">
    <p class='ocr_par' dir='ltr' id='par_1_16' title="bbox 193 1845 251 1876">
     <span class='ocr_line' id='line_1_23' title="bbox 193 1845 251 1876; baseline -0.017 0"><span class='ocrx_word' id='word_1_57' title='bbox 193 1845 251 1876; x_wconf 88' lang='grc'><strong>63.</strong></span> 
     </span>
    </p>
   </div>
   <div class='ocr_carea' id='block_1_17' title="bbox 192 2042 247 2073">
    <p class='ocr_par' dir='ltr' id='par_1_17' title="bbox 192 2042 247 2073">
     <span class='ocr_line' id='line_1_24' title="bbox 192 2042 247 2073; baseline 0 0"><span class='ocrx_word' id='word_1_58' title='bbox 192 2042 247 2073; x_wconf 82' lang='grc'><strong>73.</strong></span> 
     </span>
    </p>
   </div>
   <div class='ocr_carea' id='block_1_18' title="bbox 191 2193 246 2225">
    <p class='ocr_par' dir='ltr' id='par_1_18' title="bbox 191 2193 246 2225">
     <span class='ocr_line' id='line_1_25' title="bbox 191 2193 246 2225; baseline -0.055 0"><span class='ocrx_word' id='word_1_59' title='bbox 191 2193 246 2225; x_wconf 90' lang='grc'><strong>83.</strong></span> 
     </span>
    </p>
   </div>
   <div class='ocr_carea' id='block_1_19' title="bbox 278 566 698 652">
    <p class='ocr_par' dir='ltr' id='par_1_19' title="bbox 278 566 698 652">
     <span class='ocr_line' id='line_1_26' title="bbox 278 566 698 599; baseline 0.002 -1"><span class='ocrx_word' id='word_1_60' title='bbox 278 566 428 598; x_wconf 85' lang='lat' dir='ltr'>Invitaris</span> <span class='ocrx_word' id='word_1_61' title='bbox 454 567 495 597; x_wconf 89' lang='lat' dir='ltr'>ad</span> <span class='ocrx_word' id='word_1_62' title='bbox 521 568 698 599; x_wconf 86' lang='lat' dir='ltr'>convivium</span> 
     </span>
     <span class='ocr_line' id='line_1_27' title="bbox 328 612 692 652; baseline 0.008 -9"><span class='ocrx_word' id='word_1_63' title='bbox 328 612 542 652; x_wconf 87' lang='lat' dir='ltr'>Supernorum</span> <span class='ocrx_word' id='word_1_64' title='bbox 568 615 692 646; x_wconf 89' lang='lat' dir='ltr'>civium.</span> 
     </span>
    </p>
   </div>
   <div class='ocr_carea' id='block_1_20' title="bbox 960 572 1432 659">
    <p class='ocr_par' dir='ltr' id='par_1_20' title="bbox 960 572 1432 659">
     <span class='ocr_line' id='line_1_28' title="bbox 960 572 1432 611; baseline -0.004 -7"><span class='ocrx_word' id='word_1_65' title='bbox 960 573 1056 604; x_wconf 84' lang='lat' dir='ltr'>Placa</span> <span class='ocrx_word' id='word_1_66' title='bbox 1080 575 1168 603; x_wconf 90' lang='lat' dir='ltr'>tuum</span> <span class='ocrx_word' id='word_1_67' title='bbox 1193 581 1252 611; x_wconf 88' lang='lat' dir='ltr'>per</span> <span class='ocrx_word' id='word_1_68' title='bbox 1274 572 1432 611; x_wconf 75' lang='lat' dir='ltr'>eximium,</span> 
     </span>
     <span class='ocr_line' id='line_1_29' title="bbox 1007 618 1405 659; baseline -0.003 -7"><span class='ocrx_word' id='word_1_69' title='bbox 1007 621 1188 659; x_wconf 84' lang='lat' dir='ltr'>Precamur,</span> <span class='ocrx_word' id='word_1_70' title='bbox 1213 618 1405 659; x_wconf 79' lang='lat' dir='ltr'>suffragium.</span> 
     </span>
    </p>
   </div>
   <div class='ocr_carea' id='block_1_21' title="bbox 579 672 1194 856">
    <p class='ocr_par' dir='ltr' id='par_1_21' title="bbox 579 672 1194 856">
     <span class='ocr_line' id='line_1_30' title="bbox 579 672 1075 714; baseline 0.01 -11"><span class='ocrx_word' id='word_1_71' title='bbox 579 672 631 704; x_wconf 89' lang='lat'>10.</span> <span class='ocrx_word' id='word_1_72' title='bbox 658 672 705 704; x_wconf 85' lang='lat' dir='ltr'>Ut</span> <span class='ocrx_word' id='word_1_73' title='bbox 727 672 760 703; x_wconf 89' lang='lat' dir='ltr'>in</span> <span class='ocrx_word' id='word_1_74' title='bbox 786 672 851 705; x_wconf 87' lang='lat' dir='ltr'>fine</span> <span class='ocrx_word' id='word_1_75' title='bbox 874 675 966 714; x_wconf 84' lang='lat' dir='ltr'>hujus</span> <span class='ocrx_word' id='word_1_76' title='bbox 990 676 1075 708; x_wconf 86' lang='lat' dir='ltr'>vitae</span> 
     </span>
     <span class='ocr_line' id='line_1_31' title="bbox 658 719 1049 754; baseline 0.008 -3"><span class='ocrx_word' id='word_1_77' title='bbox 658 719 836 751; x_wconf 87' lang='lat' dir='ltr'>Sentiamus</span> <span class='ocrx_word' id='word_1_78' title='bbox 861 724 949 752; x_wconf 87' lang='lat' dir='ltr'>tuum</span> <span class='ocrx_word' id='word_1_79' title='bbox 972 723 1049 754; x_wconf 90' lang='lat' dir='ltr'>mite</span> 
     </span>
     <span class='ocr_line' id='line_1_32' title="bbox 706 766 1085 807; baseline 0.013 -11"><span class='ocrx_word' id='word_1_80' title='bbox 706 766 751 797; x_wconf 87' lang='lat' dir='ltr'>Et</span> <span class='ocrx_word' id='word_1_81' title='bbox 773 767 861 805; x_wconf 88' lang='lat' dir='ltr'>pium</span> <span class='ocrx_word' id='word_1_82' title='bbox 886 768 1085 807; x_wconf 80' lang='lat' dir='ltr'>adjuvamen.</span> 
     </span>
     <span class='ocr_line' id='line_1_33' title="bbox 706 813 1194 856; baseline 0.006 -12"><span class='ocrx_word' id='word_1_83' title='bbox 706 813 821 845; x_wconf 88' lang='lat' dir='ltr'>Omnes</span> <span class='ocrx_word' id='word_1_84' title='bbox 849 814 973 846; x_wconf 89' lang='lat' dir='ltr'>dicant:</span> <span class='ocrx_word' id='word_1_85' title='bbox 1000 814 1066 856; x_wconf 82' lang='lat' dir='ltr'>fiat,</span> <span class='ocrx_word' id='word_1_86' title='bbox 1083 817 1194 848; x_wconf 88' lang='lat' dir='ltr'>Amen.</span> 
     </span>
    </p>
   </div>
   <div class='ocr_carea' id='block_1_22' title="bbox 272 877 1300 908">
    <p class='ocr_par' dir='ltr' id='par_1_22' title="bbox 272 877 1300 908">
     <span class='ocr_line' id='line_1_34' title="bbox 272 877 1300 908; baseline 0.002 -4"><span class='ocrx_word' id='word_1_87' title='bbox 272 878 355 905; x_wconf 64' lang='lat' dir='ltr'>Misu.</span> <span class='ocrx_word' id='word_1_88' title='bbox 376 887 429 905; x_wconf 67' lang='lat' dir='ltr'>m„</span> <span class='ocrx_word' id='word_1_89' title='bbox 450 877 755 905; x_wconf 80' lang='lat' dir='ltr'>Benedictoburanum</span> <span class='ocrx_word' id='word_1_90' title='bbox 776 886 851 906; x_wconf 89' lang='lat' dir='ltr'>saec.</span> <span class='ocrx_word' id='word_1_91' title='bbox 874 877 918 906; x_wconf 87' lang='grc'>15.</span> <span class='ocrx_word' id='word_1_92' title='bbox 940 879 1008 907; x_wconf 85' lang='lat' dir='ltr'>Cod.</span> <span class='ocrx_word' id='word_1_93' title='bbox 1028 880 1196 908; x_wconf 79' lang='lat' dir='ltr'>Monacens.</span> <span class='ocrx_word' id='word_1_94' title='bbox 1215 879 1300 908; x_wconf 73' lang='lat'>4548.</span> 
     </span>
    </p>
   </div>
   <div class='ocr_carea' id='block_1_23' title="bbox 631 969 1070 1012">
    <p class='ocr_par' dir='ltr' id='par_1_23' title="bbox 631 969 1070 1012">
     <span class='ocr_line' id='line_1_35' title="bbox 631 969 1070 1012; baseline 0.002 -12"><span class='ocrx_word' id='word_1_95' title='bbox 631 970 696 1000; x_wconf 82' lang='lat'>257.</span> <span class='ocrx_word' id='word_1_96' title='bbox 736 969 779 1001; x_wconf 86' lang='lat' dir='ltr'>De</span> <span class='ocrx_word' id='word_1_97' title='bbox 799 971 906 1001; x_wconf 80' lang='lat' dir='ltr'>saneto</span> <span class='ocrx_word' id='word_1_98' title='bbox 927 970 1070 1012; x_wconf 84' lang='lat' dir='ltr'>Josepho.</span> 
     </span>
    </p>
   </div>
   <div class='ocr_carea' id='block_1_24' title="bbox 279 1039 793 1231">
    <p class='ocr_par' dir='ltr' id='par_1_24' title="bbox 283 1039 793 1072">
     <span class='ocr_line' id='line_1_36' title="bbox 283 1039 793 1072; baseline -0.002 0"><span class='ocrx_word' id='word_1_99' title='bbox 283 1039 432 1072; x_wconf 82' lang='lat' dir='ltr'>Sanctum</span> <span class='ocrx_word' id='word_1_100' title='bbox 460 1040 579 1072; x_wconf 85' lang='lat' dir='ltr'>Christi</span> <span class='ocrx_word' id='word_1_101' title='bbox 603 1040 793 1072; x_wconf 79' lang='lat' dir='ltr'>nutritorem</span> 
     </span>
    </p>

    <p class='ocr_par' dir='ltr' id='par_1_25' title="bbox 281 1087 716 1173">
     <span class='ocr_line' id='line_1_37' title="bbox 281 1087 716 1119; baseline 0 -1"><span class='ocrx_word' id='word_1_102' title='bbox 281 1087 476 1119; x_wconf 82' lang='lat' dir='ltr'>Veneremur</span> <span class='ocrx_word' id='word_1_103' title='bbox 501 1087 540 1119; x_wconf 90' lang='lat' dir='ltr'>ob</span> <span class='ocrx_word' id='word_1_104' title='bbox 566 1087 716 1119; x_wconf 83' lang='lat' dir='ltr'>honorem</span> 
     </span>
     <span class='ocr_line' id='line_1_38' title="bbox 327 1134 619 1173; baseline -0.003 -7"><span class='ocrx_word' id='word_1_105' title='bbox 327 1135 414 1166; x_wconf 77' lang='lat' dir='ltr'>Talis</span> <span class='ocrx_word' id='word_1_106' title='bbox 439 1134 619 1173; x_wconf 87' lang='lat' dir='ltr'>ministerii,</span> 
     </span>
    </p>

    <p class='ocr_par' dir='ltr' id='par_1_26' title="bbox 279 1191 669 1231">
     <span class='ocr_line' id='line_1_39' title="bbox 279 1191 669 1231; baseline 0 -8"><span class='ocrx_word' id='word_1_107' title='bbox 279 1191 402 1231; x_wconf 80' lang='lat' dir='ltr'>Sponsa</span> <span class='ocrx_word' id='word_1_108' title='bbox 429 1191 588 1224; x_wconf 84' lang='lat' dir='ltr'>Gabrielis</span> <span class='ocrx_word' id='word_1_109' title='bbox 614 1200 669 1223; x_wconf 89' lang='lat' dir='ltr'>ore</span> 
     </span>
    </p>
   </div>
   <div class='ocr_carea' id='block_1_25' title="bbox 278 1238 755 1325">
    <p class='ocr_par' dir='ltr' id='par_1_27' title="bbox 278 1238 755 1325">
     <span class='ocr_line' id='line_1_40' title="bbox 278 1238 641 1270; baseline -0.003 0"><span class='ocrx_word' id='word_1_110' title='bbox 278 1238 422 1270; x_wconf 81' lang='lat' dir='ltr'>Salutata</span> <span class='ocrx_word' id='word_1_111' title='bbox 447 1247 527 1269; x_wconf 90' lang='lat' dir='ltr'>novo</span> <span class='ocrx_word' id='word_1_112' title='bbox 553 1247 641 1270; x_wconf 86' lang='lat' dir='ltr'>more</span> 
     </span>
     <span class='ocr_line' id='line_1_41' title="bbox 323 1285 755 1325; baseline 0 -9"><span class='ocrx_word' id='word_1_113' title='bbox 323 1285 464 1317; x_wconf 85' lang='lat' dir='ltr'>Verbum</span> <span class='ocrx_word' id='word_1_114' title='bbox 483 1285 580 1317; x_wconf 88' lang='lat' dir='ltr'>verbo</span> <span class='ocrx_word' id='word_1_115' title='bbox 607 1285 755 1325; x_wconf 92' lang='lat' dir='ltr'>concipit,</span> 
     </span>
    </p>
   </div>
   <div class='ocr_carea' id='block_1_26' title="bbox 274 1341 817 1826">
    <p class='ocr_par' dir='ltr' id='par_1_28' title="bbox 274 1341 817 1826">
     <span class='ocr_line' id='line_1_42' title="bbox 278 1341 687 1374; baseline 0 -1"><span class='ocrx_word' id='word_1_116' title='bbox 278 1341 454 1374; x_wconf 84' lang='lat' dir='ltr'>Puritatem</span> <span class='ocrx_word' id='word_1_117' title='bbox 480 1341 536 1372; x_wconf 87' lang='lat' dir='ltr'>sed</span> <span class='ocrx_word' id='word_1_118' title='bbox 562 1341 687 1373; x_wconf 80' lang='lat' dir='ltr'>Mariae</span> 
     </span>
     <span class='ocr_line' id='line_1_43' title="bbox 277 1388 702 1427; baseline 0 -8"><span class='ocrx_word' id='word_1_119' title='bbox 277 1388 347 1420; x_wconf 79' lang='lat' dir='ltr'>Nec</span> <span class='ocrx_word' id='word_1_120' title='bbox 371 1388 488 1420; x_wconf 85' lang='lat' dir='ltr'>oblitus</span> <span class='ocrx_word' id='word_1_121' title='bbox 513 1389 702 1427; x_wconf 84' lang='lat' dir='ltr'>prophetiae</span> 
     </span>
     <span class='ocr_line' id='line_1_44' title="bbox 323 1434 743 1477; baseline 0 -10"><span class='ocrx_word' id='word_1_122' title='bbox 323 1436 426 1467; x_wconf 81' lang='lat' dir='ltr'>Dictis</span> <span class='ocrx_word' id='word_1_123' title='bbox 451 1434 536 1467; x_wconf 86' lang='lat' dir='ltr'>facta</span> <span class='ocrx_word' id='word_1_124' title='bbox 563 1439 743 1477; x_wconf 82' lang='lat' dir='ltr'>comparat3</span> 
     </span>
     <span class='ocr_line' id='line_1_45' title="bbox 277 1491 747 1533; baseline 0 -9"><span class='ocrx_word' id='word_1_125' title='bbox 277 1492 398 1531; x_wconf 86' lang='lat' dir='ltr'>Joseph</span> <span class='ocrx_word' id='word_1_126' title='bbox 421 1500 503 1531; x_wconf 39' lang='lat' dir='ltr'>ergo,</span> <span class='ocrx_word' id='word_1_127' title='bbox 532 1491 600 1523; x_wconf 82' lang='lat' dir='ltr'>Deo</span> <span class='ocrx_word' id='word_1_128' title='bbox 625 1492 747 1533; x_wconf 88' lang='lat' dir='ltr'>plenus,</span> 
     </span>
     <span class='ocr_line' id='line_1_46' title="bbox 276 1539 817 1580; baseline 0.002 -9"><span class='ocrx_word' id='word_1_129' title='bbox 276 1539 424 1579; x_wconf 81' lang='lat' dir='ltr'>Tempus,</span> <span class='ocrx_word' id='word_1_130' title='bbox 448 1539 562 1579; x_wconf 87' lang='lat' dir='ltr'>locum,</span> <span class='ocrx_word' id='word_1_131' title='bbox 588 1539 696 1578; x_wconf 73' lang='lat' dir='ltr'>vitam,</span> <span class='ocrx_word' id='word_1_132' title='bbox 720 1548 817 1580; x_wconf 85' lang='lat' dir='ltr'>genus</span> 
     </span>
     <span class='ocr_line' id='line_1_47' title="bbox 325 1586 721 1626; baseline -0.003 -8"><span class='ocrx_word' id='word_1_133' title='bbox 325 1586 405 1618; x_wconf 89' lang='lat' dir='ltr'>Suae</span> <span class='ocrx_word' id='word_1_134' title='bbox 430 1590 543 1626; x_wconf 86' lang='lat' dir='ltr'>pensat</span> <span class='ocrx_word' id='word_1_135' title='bbox 569 1586 721 1626; x_wconf 72' lang='lat' dir='ltr'>virginis,</span> 
     </span>
     <span class='ocr_line' id='line_1_48' title="bbox 277 1643 740 1684; baseline 0 -9"><span class='ocrx_word' id='word_1_136' title='bbox 277 1644 323 1676; x_wconf 91' lang='lat' dir='ltr'>Ob</span> <span class='ocrx_word' id='word_1_137' title='bbox 346 1643 408 1675; x_wconf 91' lang='lat' dir='ltr'>hoc</span> <span class='ocrx_word' id='word_1_138' title='bbox 433 1652 537 1675; x_wconf 63' lang='lat' dir='ltr'>secum</span> <span class='ocrx_word' id='word_1_139' title='bbox 558 1643 740 1684; x_wconf 82' lang='lat' dir='ltr'>meditatur,</span> 
     </span>
     <span class='ocr_line' id='line_1_49' title="bbox 275 1691 784 1732; baseline -0.002 -8"><span class='ocrx_word' id='word_1_140' title='bbox 275 1691 321 1724; x_wconf 89' lang='lat' dir='ltr'>Ut</span> <span class='ocrx_word' id='word_1_141' title='bbox 346 1691 426 1722; x_wconf 86' lang='lat' dir='ltr'>clam</span> <span class='ocrx_word' id='word_1_142' title='bbox 452 1700 570 1730; x_wconf 86' lang='lat' dir='ltr'>sponsa</span> <span class='ocrx_word' id='word_1_143' title='bbox 596 1691 784 1732; x_wconf 87' lang='lat' dir='ltr'>dimittatur,</span> 
     </span>
     <span class='ocr_line' id='line_1_50' title="bbox 274 1738 706 1780; baseline -0.002 -9"><span class='ocrx_word' id='word_1_144' title='bbox 274 1739 373 1779; x_wconf 88' lang='lat' dir='ltr'>Virgo</span> <span class='ocrx_word' id='word_1_145' title='bbox 398 1747 454 1770; x_wconf 83' lang='lat' dir='ltr'>rea</span> <span class='ocrx_word' id='word_1_146' title='bbox 478 1747 518 1770; x_wconf 91' lang='lat' dir='ltr'>ne</span> <span class='ocrx_word' id='word_1_147' title='bbox 542 1738 706 1780; x_wconf 73' lang='lat' dir='ltr'>tradatur,</span> 
     </span>
     <span class='ocr_line' id='line_1_51' title="bbox 324 1785 757 1826; baseline -0.002 -8"><span class='ocrx_word' id='word_1_148' title='bbox 324 1785 387 1818; x_wconf 86' lang='lat' dir='ltr'>Sed</span> <span class='ocrx_word' id='word_1_149' title='bbox 413 1789 506 1818; x_wconf 90' lang='lat' dir='ltr'>nocte</span> <span class='ocrx_word' id='word_1_150' title='bbox 528 1794 587 1825; x_wconf 90' lang='lat' dir='ltr'>per</span> <span class='ocrx_word' id='word_1_151' title='bbox 611 1787 757 1826; x_wconf 86' lang='lat' dir='ltr'>angelum</span> 
     </span>
    </p>
   </div>
   <div class='ocr_carea' id='block_1_27' title="bbox 272 1843 807 2017">
    <p class='ocr_par' dir='ltr' id='par_1_29' title="bbox 280 1843 748 1883">
     <span class='ocr_line' id='line_1_52' title="bbox 280 1843 748 1883; baseline -0.004 -7"><span class='ocrx_word' id='word_1_152' title='bbox 280 1843 465 1876; x_wconf 87' lang='lat' dir='ltr'>Circumcisi</span> <span class='ocrx_word' id='word_1_153' title='bbox 491 1843 599 1883; x_wconf 76' lang='lat' dir='ltr'>vulgat</span> <span class='ocrx_word' id='word_1_154' title='bbox 624 1852 748 1883; x_wconf 91' lang='lat' dir='ltr'>nomen,</span> 
     </span>
    </p>

    <p class='ocr_par' dir='ltr' id='par_1_30' title="bbox 272 1890 682 1922">
     <span class='ocr_line' id='line_1_53' title="bbox 272 1890 682 1922; baseline -0.002 0"><span class='ocrx_word' id='word_1_155' title='bbox 272 1891 388 1922; x_wconf 86' lang='lat' dir='ltr'>Annae</span> <span class='ocrx_word' id='word_1_156' title='bbox 413 1890 567 1922; x_wconf 84' lang='lat' dir='ltr'>Simeonis</span> <span class='ocrx_word' id='word_1_157' title='bbox 592 1899 682 1922; x_wconf 88' lang='lat' dir='ltr'>omen</span> 
     </span>
    </p>

    <p class='ocr_par' dir='ltr' id='par_1_31' title="bbox 276 1936 807 2017">
     <span class='ocr_line' id='line_1_54' title="bbox 276 1936 807 1978; baseline 0 -9"><span class='ocrx_word' id='word_1_158' title='bbox 276 1938 384 1977; x_wconf 83' lang='lat' dir='ltr'>Audit,</span> <span class='ocrx_word' id='word_1_159' title='bbox 409 1947 509 1977; x_wconf 85' lang='lat' dir='ltr'>parvo</span> <span class='ocrx_word' id='word_1_160' title='bbox 533 1937 668 1977; x_wconf 85' lang='lat' dir='ltr'>praebet</span> <span class='ocrx_word' id='word_1_161' title='bbox 692 1936 807 1978; x_wconf 89' lang='lat' dir='ltr'>fomen,</span> 
     </span>
     <span class='ocr_line' id='line_1_55' title="bbox 321 1985 766 2017; baseline 0 -1"><span class='ocrx_word' id='word_1_162' title='bbox 321 1985 445 2016; x_wconf 91' lang='lat' dir='ltr'>Herodi</span> <span class='ocrx_word' id='word_1_163' title='bbox 473 1986 608 2017; x_wconf 81' lang='lat' dir='ltr'>tendens</span> <span class='ocrx_word' id='word_1_164' title='bbox 634 1985 766 2017; x_wconf 83' lang='lat' dir='ltr'>exsulat.</span> 
     </span>
    </p>
   </div>
   <div class='ocr_carea' id='block_1_28' title="bbox 272 2041 811 2417">
    <p class='ocr_par' dir='ltr' id='par_1_32' title="bbox 274 2041 694 2081">
     <span class='ocr_line' id='line_1_56' title="bbox 274 2041 694 2081; baseline 0 -9"><span class='ocrx_word' id='word_1_165' title='bbox 274 2041 407 2080; x_wconf 88' lang='lat' dir='ltr'>Templo</span> <span class='ocrx_word' id='word_1_166' title='bbox 433 2042 556 2081; x_wconf 82' lang='lat' dir='ltr'>quaerit</span> <span class='ocrx_word' id='word_1_167' title='bbox 578 2041 694 2072; x_wconf 87' lang='lat' dir='ltr'>iterum</span> 
     </span>
    </p>

    <p class='ocr_par' dir='ltr' id='par_1_33' title="bbox 273 2087 647 2120">
     <span class='ocr_line' id='line_1_57' title="bbox 273 2087 647 2120; baseline -0.003 -1"><span class='ocrx_word' id='word_1_168' title='bbox 273 2087 350 2120; x_wconf 91' lang='lat' dir='ltr'>Cum</span> <span class='ocrx_word' id='word_1_169' title='bbox 374 2088 481 2120; x_wconf 79' lang='lat' dir='ltr'>Maria</span> <span class='ocrx_word' id='word_1_170' title='bbox 503 2091 647 2119; x_wconf 85' lang='lat' dir='ltr'>tenerum</span> 
     </span>
    </p>

    <p class='ocr_par' dir='ltr' id='par_1_34' title="bbox 274 2135 652 2175">
     <span class='ocr_line' id='line_1_58' title="bbox 274 2135 652 2175; baseline -0.003 -9"><span class='ocrx_word' id='word_1_171' title='bbox 274 2135 484 2167; x_wconf 88' lang='lat' dir='ltr'>Duodennem</span> <span class='ocrx_word' id='word_1_172' title='bbox 509 2144 652 2175; x_wconf 88' lang='lat' dir='ltr'>puerum.</span> 
     </span>
    </p>

    <p class='ocr_par' dir='ltr' id='par_1_35' title="bbox 273 2191 706 2231">
     <span class='ocr_line' id='line_1_59' title="bbox 273 2191 706 2231; baseline -0.002 -9"><span class='ocrx_word' id='word_1_173' title='bbox 273 2191 347 2222; x_wconf 76' lang='lat' dir='ltr'>Non</span> <span class='ocrx_word' id='word_1_174' title='bbox 371 2195 420 2222; x_wconf 84' lang='lat' dir='ltr'>est</span> <span class='ocrx_word' id='word_1_175' title='bbox 439 2192 536 2231; x_wconf 85' lang='lat' dir='ltr'>igitur</span> <span class='ocrx_word' id='word_1_176' title='bbox 562 2191 706 2229; x_wconf 87' lang='lat' dir='ltr'>delirum,</span> 
     </span>
    </p>

    <p class='ocr_par' dir='ltr' id='par_1_36' title="bbox 272 2237 811 2278">
     <span class='ocr_line' id='line_1_60' title="bbox 272 2237 811 2278; baseline -0.004 -9"><span class='ocrx_word' id='word_1_177' title='bbox 272 2237 344 2269; x_wconf 73' lang='lat' dir='ltr'>Non</span> <span class='ocrx_word' id='word_1_178' title='bbox 356 2242 402 2269; x_wconf 74' lang='lat' dir='ltr'>est</span> <span class='ocrx_word' id='word_1_179' title='bbox 413 2247 545 2277; x_wconf 84' lang='lat' dir='ltr'>cassum,</span> <span class='ocrx_word' id='word_1_180' title='bbox 558 2247 621 2269; x_wconf 89' lang='lat' dir='ltr'>non</span> <span class='ocrx_word' id='word_1_181' title='bbox 631 2239 679 2268; x_wconf 89' lang='lat' dir='ltr'>est</span> <span class='ocrx_word' id='word_1_182' title='bbox 687 2237 811 2278; x_wconf 81' lang='lat' dir='ltr'>mirum,</span> 
     </span>
    </p>

    <p class='ocr_par' dir='ltr' id='par_1_37' title="bbox 272 2284 804 2324">
     <span class='ocr_line' id='line_1_61' title="bbox 272 2284 804 2324; baseline -0.004 -8"><span class='ocrx_word' id='word_1_183' title='bbox 272 2284 305 2316; x_wconf 89' lang='lat' dir='ltr'>Si</span> <span class='ocrx_word' id='word_1_184' title='bbox 330 2293 389 2323; x_wconf 89' lang='lat' dir='ltr'>per</span> <span class='ocrx_word' id='word_1_185' title='bbox 413 2293 536 2316; x_wconf 87' lang='lat' dir='ltr'>omnem</span> <span class='ocrx_word' id='word_1_186' title='bbox 559 2284 669 2316; x_wconf 91' lang='lat' dir='ltr'>mundi</span> <span class='ocrx_word' id='word_1_187' title='bbox 694 2292 804 2324; x_wconf 67' lang='lat' dir='ltr'>gyrum</span> 
     </span>
    </p>

    <p class='ocr_par' dir='ltr' id='par_1_38' title="bbox 273 2331 710 2417">
     <span class='ocr_line' id='line_1_62' title="bbox 273 2331 710 2371; baseline 0 -9"><span class='ocrx_word' id='word_1_188' title='bbox 273 2331 434 2371; x_wconf 83' lang='lat' dir='ltr'>Virginem</span> <span class='ocrx_word' id='word_1_189' title='bbox 458 2331 583 2363; x_wconf 80' lang='lat' dir='ltr'>Mariae</span> <span class='ocrx_word' id='word_1_190' title='bbox 607 2331 710 2362; x_wconf 88' lang='lat' dir='ltr'>virum</span> 
     </span>
     <span class='ocr_line' id='line_1_63' title="bbox 319 2378 699 2417; baseline 0 -8"><span class='ocrx_word' id='word_1_191' title='bbox 319 2378 404 2409; x_wconf 87' lang='lat' dir='ltr'>Laus</span> <span class='ocrx_word' id='word_1_192' title='bbox 429 2378 555 2409; x_wconf 87' lang='lat' dir='ltr'>attollat</span> <span class='ocrx_word' id='word_1_193' title='bbox 578 2378 699 2417; x_wconf 86' lang='lat' dir='ltr'>populi.</span> 
     </span>
    </p>
   </div>
   <div class='ocr_carea' id='block_1_29' title="bbox 883 1040 1419 1084">
    <p class='ocr_par' dir='ltr' id='par_1_39' title="bbox 883 1040 1419 1084">
     <span class='ocr_line' id='line_1_64' title="bbox 883 1040 1419 1084; baseline 0.004 -12"><span class='ocrx_word' id='word_1_194' title='bbox 883 1040 941 1073; x_wconf 80' lang='lat' dir='ltr'>lb.</span> <span class='ocrx_word' id='word_1_195' title='bbox 960 1041 1046 1073; x_wconf 86' lang='lat' dir='ltr'>Huic</span> <span class='ocrx_word' id='word_1_196' title='bbox 1068 1041 1174 1073; x_wconf 85' lang='lat' dir='ltr'>Maria</span> <span class='ocrx_word' id='word_1_197' title='bbox 1200 1042 1419 1084; x_wconf 84' lang='lat' dir='ltr'>desponsatur,</span> 
     </span>
    </p>
   </div>
   <div class='ocr_carea' id='block_1_30' title="bbox 963 1088 1348 1176">
    <p class='ocr_par' dir='ltr' id='par_1_40' title="bbox 963 1088 1348 1176">
     <span class='ocr_line' id='line_1_65' title="bbox 963 1088 1348 1129; baseline 0.003 -9"><span class='ocrx_word' id='word_1_198' title='bbox 963 1088 1014 1120; x_wconf 78' lang='lat' dir='ltr'>Ne</span> <span class='ocrx_word' id='word_1_199' title='bbox 1040 1089 1166 1121; x_wconf 84' lang='lat' dir='ltr'>diabolo</span> <span class='ocrx_word' id='word_1_200' title='bbox 1191 1090 1348 1129; x_wconf 85' lang='lat' dir='ltr'>prodatur</span> 
     </span>
     <span class='ocr_line' id='line_1_66' title="bbox 1011 1137 1285 1176; baseline 0 -7"><span class='ocrx_word' id='word_1_201' title='bbox 1011 1137 1107 1169; x_wconf 87' lang='lat' dir='ltr'>Ratio</span> <span class='ocrx_word' id='word_1_202' title='bbox 1132 1137 1285 1176; x_wconf 75' lang='lat' dir='ltr'>mysterii.</span> 
     </span>
    </p>
   </div>
   <div class='ocr_carea' id='block_1_31' title="bbox 882 1192 1407 1226">
    <p class='ocr_par' dir='ltr' id='par_1_41' title="bbox 882 1192 1407 1226">
     <span class='ocr_line' id='line_1_67' title="bbox 882 1192 1407 1226; baseline 0.004 -2"><span class='ocrx_word' id='word_1_203' title='bbox 882 1192 939 1225; x_wconf 88' lang='lat' dir='ltr'>2b.</span> <span class='ocrx_word' id='word_1_204' title='bbox 965 1193 1023 1224; x_wconf 90' lang='lat' dir='ltr'>Vir</span> <span class='ocrx_word' id='word_1_205' title='bbox 1048 1197 1191 1225; x_wconf 84' lang='lat' dir='ltr'>sacratus</span> <span class='ocrx_word' id='word_1_206' title='bbox 1216 1194 1407 1226; x_wconf 83' lang='lat' dir='ltr'>intellectam</span> 
     </span>
    </p>
   </div>
   <div class='ocr_carea' id='block_1_32' title="bbox 879 1342 938 1376">
    <p class='ocr_par' dir='ltr' id='par_1_42' title="bbox 879 1342 938 1376">
     <span class='ocr_line' id='line_1_68' title="bbox 879 1342 938 1376; baseline 0 -1"><span class='ocrx_word' id='word_1_207' title='bbox 879 1342 938 1376; x_wconf 85' lang='lat' dir='ltr'>3b.</span> 
     </span>
    </p>
   </div>
   <div class='ocr_carea' id='block_1_33' title="bbox 876 1493 936 1527">
    <p class='ocr_par' dir='ltr' id='par_1_43' title="bbox 876 1493 936 1527">
     <span class='ocr_line' id='line_1_69' title="bbox 876 1493 936 1527; baseline 0 -1"><span class='ocrx_word' id='word_1_208' title='bbox 876 1493 936 1527; x_wconf 82' lang='lat' dir='ltr'>4b.</span> 
     </span>
    </p>
   </div>
   <div class='ocr_carea' id='block_1_34' title="bbox 877 1645 934 1679">
    <p class='ocr_par' dir='ltr' id='par_1_44' title="bbox 877 1645 934 1679">
     <span class='ocr_line' id='line_1_70' title="bbox 877 1645 934 1679; baseline -0.053 0"><span class='ocrx_word' id='word_1_209' title='bbox 877 1645 934 1679; x_wconf 87' lang='lat' dir='ltr'>5b.</span> 
     </span>
    </p>
   </div>
   <div class='ocr_carea' id='block_1_35' title="bbox 877 1844 935 1878">
    <p class='ocr_par' dir='ltr' id='par_1_45' title="bbox 877 1844 935 1878">
     <span class='ocr_line' id='line_1_71' title="bbox 877 1844 935 1878; baseline 0 -1"><span class='ocrx_word' id='word_1_210' title='bbox 877 1844 935 1878; x_wconf 85' lang='lat' dir='ltr'>6b.</span> 
     </span>
    </p>
   </div>
   <div class='ocr_carea' id='block_1_36' title="bbox 874 2040 931 2073">
    <p class='ocr_par' dir='ltr' id='par_1_46' title="bbox 874 2040 931 2073">
     <span class='ocr_line' id='line_1_72' title="bbox 874 2040 931 2073; baseline -0.053 0"><span class='ocrx_word' id='word_1_211' title='bbox 874 2040 931 2073; x_wconf 84' lang='lat' dir='ltr'>7b.</span> 
     </span>
    </p>
   </div>
   <div class='ocr_carea' id='block_1_37' title="bbox 872 2189 931 2223">
    <p class='ocr_par' dir='ltr' id='par_1_47' title="bbox 872 2189 931 2223">
     <span class='ocr_line' id='line_1_73' title="bbox 872 2189 931 2223; baseline -0.034 0"><span class='ocrx_word' id='word_1_212' title='bbox 872 2189 931 2223; x_wconf 81' lang='lat' dir='ltr'>8b.</span> 
     </span>
    </p>
   </div>
   <div class='ocr_carea' id='block_1_38' title="bbox 961 1240 1505 1328">
    <p class='ocr_par' dir='ltr' id='par_1_48' title="bbox 961 1240 1505 1328">
     <span class='ocr_line' id='line_1_74' title="bbox 961 1240 1505 1281; baseline 0.002 -9"><span class='ocrx_word' id='word_1_213' title='bbox 961 1240 1041 1273; x_wconf 89' lang='lat' dir='ltr'>Rem</span> <span class='ocrx_word' id='word_1_214' title='bbox 1052 1249 1114 1272; x_wconf 90' lang='lat' dir='ltr'>non</span> <span class='ocrx_word' id='word_1_215' title='bbox 1128 1241 1222 1272; x_wconf 87' lang='lat' dir='ltr'>habet</span> <span class='ocrx_word' id='word_1_216' title='bbox 1234 1241 1317 1273; x_wconf 91' lang='lat' dir='ltr'>hanc</span> <span class='ocrx_word' id='word_1_217' title='bbox 1324 1244 1505 1281; x_wconf 86' lang='lat' dir='ltr'>suspectam</span> 
     </span>
     <span class='ocr_line' id='line_1_75' title="bbox 1007 1287 1363 1328; baseline 0.003 -10"><span class='ocrx_word' id='word_1_218' title='bbox 1007 1287 1076 1319; x_wconf 73' lang='lat' dir='ltr'>Nec</span> <span class='ocrx_word' id='word_1_219' title='bbox 1101 1287 1210 1319; x_wconf 84' lang='lat' dir='ltr'>furore</span> <span class='ocrx_word' id='word_1_220' title='bbox 1236 1288 1363 1328; x_wconf 86' lang='lat' dir='ltr'>desipit.</span> 
     </span>
    </p>
   </div>
   <div class='ocr_carea' id='block_1_39' title="bbox 959 1343 1409 1478">
    <p class='ocr_par' dir='ltr' id='par_1_49' title="bbox 959 1343 1409 1478">
     <span class='ocr_line' id='line_1_76' title="bbox 961 1343 1312 1383; baseline 0.003 -9"><span class='ocrx_word' id='word_1_221' title='bbox 961 1344 986 1375; x_wconf 78' lang='grc' dir='ltr'>Ιε</span> <span class='ocrx_word' id='word_1_222' title='bbox 995 1343 1061 1374; x_wconf 85' lang='grc'><strong>3135</strong></span> <span class='ocrx_word' id='word_1_223' title='bbox 1088 1347 1312 1383; x_wconf 83' lang='lat' dir='ltr'>concepturam</span> 
     </span>
     <span class='ocr_line' id='line_1_77' title="bbox 959 1390 1341 1430; baseline 0.003 -8"><span class='ocrx_word' id='word_1_224' title='bbox 959 1390 1141 1430; x_wconf 88' lang='lat' dir='ltr'>Filiumque</span> <span class='ocrx_word' id='word_1_225' title='bbox 1164 1391 1341 1430; x_wconf 85' lang='lat' dir='ltr'>parituram</span> 
     </span>
     <span class='ocr_line' id='line_1_78' title="bbox 1005 1437 1409 1478; baseline 0.007 -10"><span class='ocrx_word' id='word_1_226' title='bbox 1005 1437 1168 1478; x_wconf 82' lang='lat' dir='ltr'>Virginem</span> <span class='ocrx_word' id='word_1_227' title='bbox 1193 1439 1409 1477; x_wconf 81' lang='lat' dir='ltr'>praedixerat.</span> 
     </span>
    </p>
   </div>
   <div class='ocr_carea' id='block_1_40' title="bbox 951 1493 1504 2282">
    <p class='ocr_par' dir='ltr' id='par_1_50' title="bbox 959 1493 1446 1536">
     <span class='ocr_line' id='line_1_79' title="bbox 959 1493 1446 1536; baseline 0.004 -11"><span class='ocrx_word' id='word_1_228' title='bbox 959 1493 1026 1525; x_wconf 92' lang='lat' dir='ltr'>Scit</span> <span class='ocrx_word' id='word_1_229' title='bbox 1051 1503 1202 1526; x_wconf 89' lang='lat' dir='ltr'>arcanum</span> <span class='ocrx_word' id='word_1_230' title='bbox 1228 1503 1298 1526; x_wconf 89' lang='lat' dir='ltr'>esse</span> <span class='ocrx_word' id='word_1_231' title='bbox 1321 1496 1446 1536; x_wconf 88' lang='lat' dir='ltr'>signum</span> 
     </span>
    </p>

    <p class='ocr_par' dir='ltr' id='par_1_51' title="bbox 958 1541 1504 1630">
     <span class='ocr_line' id='line_1_80' title="bbox 958 1541 1504 1584; baseline 0.005 -12"><span class='ocrx_word' id='word_1_232' title='bbox 958 1541 1027 1572; x_wconf 72' lang='lat' dir='ltr'>Nec</span> <span class='ocrx_word' id='word_1_233' title='bbox 1052 1542 1231 1574; x_wconf 88' lang='lat' dir='ltr'>ministrum</span> <span class='ocrx_word' id='word_1_234' title='bbox 1255 1546 1347 1582; x_wconf 88' lang='lat' dir='ltr'>putat</span> <span class='ocrx_word' id='word_1_235' title='bbox 1374 1543 1504 1584; x_wconf 83' lang='lat' dir='ltr'>dignum</span> 
     </span>
     <span class='ocr_line' id='line_1_81' title="bbox 1005 1588 1356 1630; baseline 0.006 -10"><span class='ocrx_word' id='word_1_236' title='bbox 1005 1588 1047 1620; x_wconf 91' lang='lat' dir='ltr'>Se</span> <span class='ocrx_word' id='word_1_237' title='bbox 1072 1589 1171 1621; x_wconf 89' lang='lat' dir='ltr'>divini</span> <span class='ocrx_word' id='word_1_238' title='bbox 1196 1590 1356 1630; x_wconf 85' lang='lat' dir='ltr'>germinis.</span> 
     </span>
    </p>

    <p class='ocr_par' dir='ltr' id='par_1_52' title="bbox 958 1646 1389 1687">
     <span class='ocr_line' id='line_1_82' title="bbox 958 1646 1389 1687; baseline 0 -9"><span class='ocrx_word' id='word_1_239' title='bbox 958 1646 1140 1685; x_wconf 84' lang='lat' dir='ltr'>Imperatur</span> <span class='ocrx_word' id='word_1_240' title='bbox 1165 1647 1280 1686; x_wconf 76' lang='lat' dir='ltr'>conjux</span> <span class='ocrx_word' id='word_1_241' title='bbox 1307 1647 1389 1687; x_wconf 92' lang='lat' dir='ltr'>duci,</span> 
     </span>
    </p>

    <p class='ocr_par' dir='ltr' id='par_1_53' title="bbox 958 1693 1486 1727">
     <span class='ocr_line' id='line_1_83' title="bbox 958 1693 1486 1727; baseline 0.004 -2"><span class='ocrx_word' id='word_1_242' title='bbox 958 1693 1004 1725; x_wconf 90' lang='lat' dir='ltr'>Ut</span> <span class='ocrx_word' id='word_1_243' title='bbox 1028 1693 1076 1724; x_wconf 87' lang='lat' dir='ltr'>vir</span> <span class='ocrx_word' id='word_1_244' title='bbox 1102 1693 1165 1725; x_wconf 78' lang='lat' dir='ltr'>dux</span> <span class='ocrx_word' id='word_1_245' title='bbox 1190 1694 1233 1725; x_wconf 88' lang='lat' dir='ltr'>sit</span> <span class='ocrx_word' id='word_1_246' title='bbox 1259 1694 1386 1727; x_wconf 84' lang='lat' dir='ltr'>Christo</span> <span class='ocrx_word' id='word_1_247' title='bbox 1413 1695 1486 1727; x_wconf 90' lang='lat' dir='ltr'>duci</span> 
     </span>
    </p>

    <p class='ocr_par' dir='ltr' id='par_1_54' title="bbox 957 1740 1441 1829">
     <span class='ocr_line' id='line_1_84' title="bbox 957 1740 1398 1782; baseline 0.005 -10"><span class='ocrx_word' id='word_1_248' title='bbox 957 1740 1002 1772; x_wconf 87' lang='lat' dir='ltr'>Et</span> <span class='ocrx_word' id='word_1_249' title='bbox 1026 1741 1174 1772; x_wconf 88' lang='lat' dir='ltr'>lucernae</span> <span class='ocrx_word' id='word_1_250' title='bbox 1198 1751 1300 1774; x_wconf 79' lang='lat' dir='ltr'>novae</span> <span class='ocrx_word' id='word_1_251' title='bbox 1324 1742 1398 1782; x_wconf 85' lang='lat' dir='ltr'>luci,</span> 
     </span>
     <span class='ocr_line' id='line_1_85' title="bbox 1005 1788 1441 1829; baseline 0.007 -10"><span class='ocrx_word' id='word_1_252' title='bbox 1005 1788 1125 1829; x_wconf 84' lang='lat' dir='ltr'>Regem</span> <span class='ocrx_word' id='word_1_253' title='bbox 1150 1792 1240 1829; x_wconf 86' lang='lat' dir='ltr'>regat</span> <span class='ocrx_word' id='word_1_254' title='bbox 1265 1790 1441 1829; x_wconf 87' lang='lat' dir='ltr'>parvulum.</span> 
     </span>
    </p>

    <p class='ocr_par' dir='ltr' id='par_1_55' title="bbox 956 1844 1500 1886">
     <span class='ocr_line' id='line_1_86' title="bbox 956 1844 1500 1886; baseline 0.004 -10"><span class='ocrx_word' id='word_1_255' title='bbox 956 1844 1008 1876; x_wconf 82' lang='lat' dir='ltr'>Ex</span> <span class='ocrx_word' id='word_1_256' title='bbox 1030 1845 1179 1885; x_wconf 78' lang='lat' dir='ltr'>Aegypto</span> <span class='ocrx_word' id='word_1_257' title='bbox 1209 1849 1378 1885; x_wconf 87' lang='lat' dir='ltr'>postquam</span> <span class='ocrx_word' id='word_1_258' title='bbox 1404 1847 1500 1886; x_wconf 86' lang='lat' dir='ltr'>redit,</span> 
     </span>
    </p>

    <p class='ocr_par' dir='ltr' id='par_1_56' title="bbox 958 1891 1442 1933">
     <span class='ocr_line' id='line_1_87' title="bbox 958 1891 1442 1933; baseline 0 -10"><span class='ocrx_word' id='word_1_259' title='bbox 958 1891 1120 1923; x_wconf 85' lang='lat' dir='ltr'>Nazareth</span> <span class='ocrx_word' id='word_1_260' title='bbox 1143 1892 1303 1923; x_wconf 85' lang='lat' dir='ltr'>alumnum</span> <span class='ocrx_word' id='word_1_261' title='bbox 1330 1892 1442 1933; x_wconf 88' lang='lat' dir='ltr'>credit,</span> 
     </span>
    </p>

    <p class='ocr_par' dir='ltr' id='par_1_57' title="bbox 957 1938 1426 2024">
     <span class='ocr_line' id='line_1_88' title="bbox 957 1938 1426 1979; baseline 0.002 -10"><span class='ocrx_word' id='word_1_262' title='bbox 957 1938 1040 1969; x_wconf 91' lang='lat' dir='ltr'>Dum</span> <span class='ocrx_word' id='word_1_263' title='bbox 1065 1947 1122 1970; x_wconf 82' lang='lat' dir='ltr'>rex</span> <span class='ocrx_word' id='word_1_264' title='bbox 1146 1938 1262 1976; x_wconf 86' lang='lat' dir='ltr'>impius</span> <span class='ocrx_word' id='word_1_265' title='bbox 1289 1938 1426 1979; x_wconf 86' lang='lat' dir='ltr'>decedit,</span> 
     </span>
     <span class='ocr_line' id='line_1_89' title="bbox 1003 1984 1389 2024; baseline 0.005 -8"><span class='ocrx_word' id='word_1_266' title='bbox 1003 1985 1153 2017; x_wconf 82' lang='lat' dir='ltr'>Innoxios</span> <span class='ocrx_word' id='word_1_267' title='bbox 1179 1984 1232 2023; x_wconf 85' lang='lat' dir='ltr'>qui</span> <span class='ocrx_word' id='word_1_268' title='bbox 1254 1984 1389 2024; x_wconf 86' lang='lat' dir='ltr'>jugulat.</span> 
     </span>
    </p>

    <p class='ocr_par' dir='ltr' id='par_1_58' title="bbox 951 2040 1370 2083">
     <span class='ocr_line' id='line_1_90' title="bbox 951 2040 1370 2083; baseline 0.005 -12"><span class='ocrx_word' id='word_1_269' title='bbox 951 2040 1086 2071; x_wconf 89' lang='lat' dir='ltr'>Domum</span> <span class='ocrx_word' id='word_1_270' title='bbox 1112 2041 1206 2073; x_wconf 62' lang='grc' dir='ltr'>ι105115</span> <span class='ocrx_word' id='word_1_271' title='bbox 1232 2041 1370 2083; x_wconf 87' lang='lat' dir='ltr'>ducitur,</span> 
     </span>
    </p>

    <p class='ocr_par' dir='ltr' id='par_1_59' title="bbox 952 2087 1284 2126">
     <span class='ocr_line' id='line_1_91' title="bbox 952 2087 1284 2126; baseline 0.003 -8"><span class='ocrx_word' id='word_1_272' title='bbox 952 2087 1048 2119; x_wconf 84' lang='lat' dir='ltr'>Pater</span> <span class='ocrx_word' id='word_1_273' title='bbox 1073 2087 1140 2126; x_wconf 87' lang='lat' dir='ltr'>ejus</span> <span class='ocrx_word' id='word_1_274' title='bbox 1167 2087 1284 2119; x_wconf 90' lang='lat' dir='ltr'>dicitur</span> 
     </span>
    </p>

    <p class='ocr_par' dir='ltr' id='par_1_60' title="bbox 953 2132 1330 2173">
     <span class='ocr_line' id='line_1_92' title="bbox 953 2132 1330 2173; baseline 0.008 -9"><span class='ocrx_word' id='word_1_275' title='bbox 953 2132 1070 2173; x_wconf 86' lang='lat' dir='ltr'>Faber,</span> <span class='ocrx_word' id='word_1_276' title='bbox 1098 2134 1148 2165; x_wconf 86' lang='lat' dir='ltr'>cui</span> <span class='ocrx_word' id='word_1_277' title='bbox 1171 2134 1330 2167; x_wconf 91' lang='lat' dir='ltr'>subditur.</span> 
     </span>
    </p>

    <p class='ocr_par' dir='ltr' id='par_1_61' title="bbox 951 2188 1464 2234">
     <span class='ocr_line' id='line_1_93' title="bbox 951 2188 1464 2234; baseline 0.01 -13"><span class='ocrx_word' id='word_1_278' title='bbox 951 2188 1014 2221; x_wconf 85' lang='lat' dir='ltr'>Sed</span> <span class='ocrx_word' id='word_1_279' title='bbox 1039 2193 1085 2230; x_wconf 74' lang='lat' dir='ltr'>tu,</span> <span class='ocrx_word' id='word_1_280' title='bbox 1112 2191 1196 2231; x_wconf 83' lang='lat' dir='ltr'>regis</span> <span class='ocrx_word' id='word_1_281' title='bbox 1220 2192 1322 2223; x_wconf 87' lang='lat' dir='ltr'>nostri</span> <span class='ocrx_word' id='word_1_282' title='bbox 1346 2196 1464 2234; x_wconf 87' lang='lat' dir='ltr'>rector,</span> 
     </span>
    </p>

    <p class='ocr_par' dir='ltr' id='par_1_62' title="bbox 952 2237 1397 2282">
     <span class='ocr_line' id='line_1_94' title="bbox 952 2237 1397 2282; baseline 0.009 -14"><span class='ocrx_word' id='word_1_283' title='bbox 952 2237 1069 2269; x_wconf 83' lang='lat' dir='ltr'>Pastor</span> <span class='ocrx_word' id='word_1_284' title='bbox 1092 2238 1165 2278; x_wconf 90' lang='lat' dir='ltr'>pius</span> <span class='ocrx_word' id='word_1_285' title='bbox 1191 2242 1223 2270; x_wconf 88' lang='lat' dir='ltr'>et</span> <span class='ocrx_word' id='word_1_286' title='bbox 1247 2238 1397 2282; x_wconf 86' lang='lat' dir='ltr'>refector,</span> 
     </span>
    </p>
   </div>
   <div class='ocr_carea' id='block_1_41' title="bbox 953 2283 1474 2373">
    <p class='ocr_par' dir='ltr' id='par_1_63' title="bbox 953 2283 1474 2373">
     <span class='ocr_line' id='line_1_95' title="bbox 953 2283 1474 2326; baseline 0.01 -11"><span class='ocrx_word' id='word_1_287' title='bbox 953 2283 1072 2316; x_wconf 81' lang='lat' dir='ltr'>Noster</span> <span class='ocrx_word' id='word_1_288' title='bbox 1098 2285 1161 2317; x_wconf 72' lang='lat' dir='ltr'>dux</span> <span class='ocrx_word' id='word_1_289' title='bbox 1183 2286 1227 2317; x_wconf 86' lang='lat' dir='ltr'>sis</span> <span class='ocrx_word' id='word_1_290' title='bbox 1250 2289 1282 2318; x_wconf 91' lang='lat' dir='ltr'>et</span> <span class='ocrx_word' id='word_1_291' title='bbox 1305 2290 1474 2326; x_wconf 83' lang='lat' dir='ltr'>protector</span> 
     </span>
     <span class='ocr_line' id='line_1_96' title="bbox 1001 2331 1381 2373; baseline 0.011 -10"><span class='ocrx_word' id='word_1_292' title='bbox 1001 2331 1054 2364; x_wconf 84' lang='lat' dir='ltr'>Ex</span> <span class='ocrx_word' id='word_1_293' title='bbox 1077 2333 1226 2373; x_wconf 72' lang='lat' dir='ltr'>Aegypto</span> <span class='ocrx_word' id='word_1_294' title='bbox 1252 2335 1381 2369; x_wconf 87' lang='lat' dir='ltr'>saeculi.</span> 
     </span>
    </p>
   </div>
  </div>
 </body>
</html>
