1653 2632
179 221 238 251 2a.
265 220 343 253 Nati
369 224 518 256 condolet
541 225 588 258 sic
611 228 733 268 poeni-5,
869 230 926 265 2b.
951 233 1056 264 Datur
1079 235 1181 264 mater
1207 233 1362 274 discipulo

264 268 309 301 Ut
336 272 535 311 congaudeat
558 274 733 315 redemptis
952 278 1029 311 Cum
1053 279 1189 311 maximo
1214 281 1376 321 mysterio,

264 316 316 348 Ex
341 315 468 350 fervore
494 321 647 363 caritatis,
949 326 1081 358 Joannis
1105 326 1163 358 sub
1188 328 1342 360 vocabulo

313 363 371 396 Cui
395 375 458 398 non
483 370 532 399 est
556 369 678 401 similis.
997 373 1105 414 Quivis
1130 374 1218 405 venit
1241 373 1356 407 fidelis.

176 420 237 453 321.
267 420 395 453 Gratias
421 422 490 464 tibi,
517 424 653 466 domina,
867 429 924 462 3b.
948 430 1017 470 Age
1041 431 1088 462 sic
1111 434 1217 471 grates
1241 431 1307 465 filio

264 468 355 507 Quod
379 472 482 502 mater
506 470 593 503 facta
617 481 650 504 es
673 476 792 517 nostra,
949 478 1010 510 Pro
1034 480 1100 509 tam
1125 479 1239 519 grandi
1263 482 1471 521 sacramento,

264 514 328 547 Sub
355 525 448 548 cruce
470 517 636 551 salutifera
948 524 1087 557 Tuorum
1111 529 1147 557 ut
1172 526 1298 559 devotio

311 563 393 595 Filio
419 573 602 603 cooperans.
995 571 1127 613 Semper
1151 573 1226 605 hinc
1249 574 1292 606 sit
1311 574 1464 614 jubilans,

253 626 391 663 Sequent.
419 637 472 656 ms.
497 630 607 658 Montis
634 631 664 659 S.
693 632 812 670 Georgii
840 638 907 671 post
932 636 1055 665 Missale
1079 638 1251 666 Melliccnse
1276 641 1346 675 imp.
1371 639 1488 668 Norim-

174 663 283 700 bergae
302 674 325 692 s.
346 674 373 693 a.
396 684 432 687 --
450 667 519 694 Mel.
540 670 714 697 vermutlich
734 671 864 700 Verbum
883 674 1000 701 bonum.

619 770 669 801 64.
709 772 752 803 De
772 772 868 804 beata
892 774 992 806 Maria
1011 775 1047 806 V.

676 839 822 877 Tempore
842 842 985 878 paschali.

169 911 228 944 la.
256 911 372 944 Mundi
396 915 560 947 renovatio
861 919 918 951 1b.
940 920 1027 960 Ignis
1052 921 1128 953 almi
1152 923 1330 961 pneumatis

304 959 422 992 Tenuit
443 962 630 1003 primordia,
988 968 1094 1008 Igniat
1116 970 1307 1008 praecordia

257 1007 335 1039 Cum
360 1016 400 1039 ex
424 1010 536 1041 matris
561 1011 691 1051 gremio,
940 1015 1013 1047 Jam
1040 1015 1199 1055 redempti
1222 1017 1387 1055 plasmatis

302 1053 362 1092 Qui
385 1056 507 1088 creavit
531 1058 645 1098 omnia,
986 1062 1055 1093 Tua
1078 1070 1138 1101 per
1162 1062 1329 1104 suffragia3

255 1101 380 1133 Prodiit
405 1101 476 1134 fons
500 1104 637 1145 luminis,
939 1108 1047 1150 Virgo,
1074 1118 1147 1148 spes
1171 1108 1323 1150 fidelium,

251 1147 393 1180 Mundus
419 1158 492 1190 ergo
517 1151 649 1192 virginis
937 1155 980 1186 Et
1004 1164 1063 1194 per
1087 1159 1175 1188 tuum
1199 1156 1309 1198 filium,

300 1195 449 1228 Celebret
473 1198 635 1231 solemnia.
984 1202 1191 1235 Renovantur
1215 1204 1328 1237 omnia.

162 1253 224 1283 2a.
253 1251 347 1284 Coelo
372 1256 408 1285 tu
431 1255 582 1298 serenior,
855 1258 911 1290 2b.
937 1258 1018 1290 Gelu
1041 1260 1153 1291 mortis
1178 1260 1322 1300 solvitur,

250 1300 385 1339 Angelis
410 1301 586 1344 sublimior,
936 1306 1037 1337 verus
1062 1306 1111 1338 sol
1136 1307 1287 1346 exoritur,

250 1346 378 1379 Cunctis
403 1348 589 1390 amabili0r3
935 1353 1001 1391 Quo
1026 1356 1175 1393 surgente
1196 1355 1351 1394 panditur

294 1394 397 1427 Vallis
422 1399 533 1428 nostra
555 1396 673 1436 floruit,
981 1400 1066 1440 Vita,
1093 1410 1187 1441 quam
1211 1402 1352 1433 restituit

247 1441 332 1473 Dum
356 1443 542 1482 grandescit
563 1445 696 1485 virginis
934 1446 1035 1479 Nobis
1061 1456 1129 1479 cum
1155 1448 1290 1481 victoria

245 1489 347 1521 Alvus
373 1498 487 1530 expers
513 1491 664 1532 criminis,
933 1494 1114 1535 Resurgens
1138 1495 1172 1527 in
1196 1496 1309 1537 gloria,

291 1535 446 1569 Nostrum
473 1547 531 1571 ver
555 1539 701 1579 intepuit.
980 1542 1079 1581 Quem
1101 1542 1208 1575 Mafia
1232 1544 1349 1583 genuit.

157 1593 217 1626 33..
245 1593 337 1627 Viam
361 1595 497 1634 praebet
521 1594 649 1628 facilem
848 1597 906 1630 3b.
929 1598 1005 1630 Vita
1027 1602 1162 1631 mortem
1187 1603 1327 1641 superat,

243 1640 285 1672 Se
310 1642 480 1674 ostendens
504 1643 665 1685 humilem,
931 1645 1015 1678 Nam
1040 1645 1186 1679 Christus
1211 1657 1269 1680 nos
1293 1652 1433 1689 reparat,

243 1687 312 1726 Qua
335 1690 531 1722 exitiabilem
930 1694 989 1733 Qui
1013 1694 1106 1726 nobis
1125 1695 1192 1734 jam
1216 1699 1391 1736 praeparat

289 1736 366 1776 Quis
392 1738 507 1769 evadet
531 1739 681 1780 gladium.
978 1741 1126 1774 Paradisi
1150 1743 1309 1782 gaudium.

233 1803 317 1830 Miss.
344 1810 398 1829 ms.
418 1802 600 1831 Voraviense
620 1802 667 1831 35.
688 1813 763 1832 saec.
786 1803 831 1833 14.
851 1805 886 1832 A.
907 1819 946 1824 —
964 1806 1048 1833 Miss.
1068 1815 1123 1834 ms.
1143 1807 1326 1835 Voraviense
1346 1807 1372 1835 6.
1395 1817 1472 1836 saec.

156 1838 203 1867 15.
224 1841 257 1868 B.
278 1856 316 1860 —
335 1838 394 1873 2b‚
416 1839 435 1867 4
459 1841 591 1868 instituit
609 1842 643 1869 B.
663 1857 701 1861 —
720 1841 779 1877 3a,
800 1841 819 1871 3
840 1843 936 1877 Quam
955 1844 988 1871 B.
1010 1859 1045 1863 —
1066 1843 1123 1877 312,
1144 1842 1163 1871 2
1178 1845 1256 1872 Nam
1274 1847 1359 1882 virgo
1379 1847 1413 1874 B.
1433 1862 1472 1866 —

154 1875 209 1911 31³,
230 1876 249 1906 3
269 1878 334 1913 jam
363 1878 438 1905 fehlt
456 1878 489 1906 B.
515 1895 548 1898 —
566 1880 626 1907 Die
644 1880 774 1908 Melodie
793 1881 965 1909 bezeichnet
985 1881 1033 1916 la,
1056 1881 1082 1909 1.
1101 1898 1140 1902 ——
1159 1883 1236 1911 Eine
1255 1892 1278 1910 s.
1297 1892 1326 1920 g.
1349 1884 1470 1919 „christ-

154 1915 234 1944 liche
254 1913 437 1944 Korrektur“
464 1916 560 1945 dieser
579 1917 713 1954 Sequenz
734 1918 847 1947 enthfflt
869 1919 955 1947 Grad.
976 1920 1126 1956 Pragense
1146 1921 1204 1949 VH
1223 1921 1250 1948 A
1272 1920 1316 1949 13.
1336 1930 1404 1950 saec
1424 1922 1470 1951 16.

150 1954 320 1983 Verfindert
338 1954 405 1982 sind
425 1954 562 1991 folgende
581 1955 707 1984 Stellen:

562 2002 610 2031 la.
631 2004 748 2032 Prodiit
766 2005 831 2032 fons
851 2005 981 2039 luminis⁷

632 2042 727 2070 Natus
752 2043 847 2071 almae
866 2044 1000 2080 virginis,

669 2080 759 2116 Cujus
779 2081 852 2109 haec
867 2082 1019 2110 solemnia.

557 2127 608 2156 1b.
628 2129 710 2165 Ignis
731 2130 803 2157 almi
822 2131 987 2166 pneumatis

666 2167 765 2204 Igniat
782 2168 957 2203 praecordia

628 2206 671 2234 Ut
689 2206 832 2242 redempti
852 2208 964 2243 gratias

627 2243 833 2272 Persolvamus
854 2244 968 2272 debitas

627 2281 780 2310 Conditori
801 2284 930 2310 omnium

628 2320 686 2354 Qui
705 2330 758 2357 per
778 2330 864 2349 suum
886 2321 979 2349 filium

662 2359 830 2387 Renovavit
849 2361 956 2387 omnia.

552 2404 602 2434 22.
625 2407 714 2435 Coelo
735 2409 786 2443 qui
806 2409 945 2436 serenior.
