1653 2632
676 144 933 179 —127—

565 253 629 287 164.
660 255 704 286 De
723 256 831 288 sancto
851 256 1042 289 Bernhardo.

172 328 189 361 1
199 337 227 361 a.
253 328 344 361 Haec
359 330 541 364 Bernhardi
565 334 667 373 patris
692 332 776 366 festa
857 335 914 370 lb.
937 337 969 369 Is
977 337 1056 377 qum,
1067 338 1178 378 qualis,
1187 341 1320 378 quantus
1329 339 1454 379 pridem

254 376 344 409 Sacri
368 386 459 410 sacro
483 379 576 419 plebs
600 381 746 414 modesta
938 383 1037 416 Foret
1060 384 1135 428 vita,
1162 386 1259 425 gestis
1285 387 1413 426 quidem

302 424 404 457 Oanat
427 427 639 466 gaudimonio,
982 432 1077 464 Patet
1092 433 1281 467 testimonio,

169 481 226 513 22..
253 480 345 512 Nitet
369 482 443 515 bino
470 492 509 515 ex
532 488 665 524 parente
855 486 912 520 2b.
934 487 1051 520 Rufum
1078 489 1171 521 dorso
1196 498 1231 521 se
1254 493 1429 530 gestantem

253 527 347 561 Claro
374 530 477 562 clarus
505 532 667 564 excolente
936 535 1016 575 Ejus
1040 537 1152 568 matris
1178 545 1215 569 en
1240 537 1409 570 latrantem

299 576 470 609 Dominum
494 587 554 618 per
579 580 694 611 omnia.
982 584 1174 616 Praecinere
1197 585 1328 618 somnia.

167 632 223 665 Sa.
250 631 362 665 Infans
386 636 479 665 natus
500 635 568 674 Jam
594 636 735 677 docetur,
854 638 913 671 31).
935 639 1024 672 Calet
1048 641 1129 681 igne,
1158 641 1252 681 digne
1277 646 1381 674 castus

250 679 363 719 Docet,
388 680 487 712 latrat
512 685 543 713 et
566 683 723 724 medetur,
937 686 1049 719 Cassat
1072 692 1169 730 astus,
1198 689 1325 721 damnat
1338 688 1450 728 fastus,

296 727 442 767 Quosque
465 730 640 770 sapientia3
981 735 1093 767 Floret
1116 736 1303 769 innocentia.

163 784 221 814 4a.
249 782 340 814 Vitat
355 784 517 825 mundum,
544 786 586 818 ad
603 796 769 827 processus
852 790 911 822 4b.
937 790 1040 831 Sopor
1064 801 1137 824 raro
1161 793 1245 824 inest
1269 794 1307 835 ei,

250 829 292 862 Se
316 830 461 863 salubres
487 833 575 876 dans,
606 833 770 874 professus
933 838 1060 870 Pernox
1084 842 1149 871 stat
1171 841 1203 871 in
1230 841 1281 872 via
1305 841 1367 873 Dei

296 877 369 910 Jam
393 877 431 910 fit
453 880 488 911 in
513 880 676 914 Cistercio.
984 885 1110 918 Celebri
1135 889 1330 920 commercio.

165 935 221 966 5a.
247 934 299 966 De
322 936 458 968 terrenis
483 937 529 969 nil
554 939 708 979 exposcit,
851 941 909 974 5b.
931 941 1052 974 Dulcor
1075 943 1139 983 ipsi
1162 945 1360 984 paupertatis

246 980 628 1026 Sed,quaesursumsunt‚
641 987 776 1019 dinoscit
932 989 1007 1021 Vita
1034 993 1091 1031 est,
1119 1000 1210 1030 quam
1235 1001 1331 1031 porro
1355 993 1433 1024 satis

292 1029 379 1070 Lege
403 1029 487 1063 fidus
511 1032 651 1075 Domini,
979 1036 1040 1069 Suo
1067 1042 1173 1069 censet
1196 1039 1324 1071 homini.

162 1085 216 1117 δα.
245 1085 343 1125 Rigat
366 1085 443 1118 fletu
468 1097 564 1128 genas
584 1090 693 1129 multo,
849 1092 906 1125 6b.
930 1093 1021 1125 Intra
1046 1093 1251 1127 Claraevallis
1280 1099 1372 1135 septa

244 1132 329 1164 Dum
353 1138 484 1173 perorat
507 1136 541 1167 in
566 1137 688 1169 occulto
924 1139 1034 1172 Abbas
1059 1150 1151 1173 sacra
1173 1151 1248 1174 mox
1271 1144 1399 1183 incepta

290 1180 412 1213 Hilaris
443 1184 591 1224 exterius,
999 1187 1121 1228 Satagit
1144 1189 1283 1221 uberius.

162 1236 218 1269 7a.
245 1237 398 1270 Normam
422 1243 530 1272 servat
554 1243 587 1272 et
610 1242 732 1273 servari
846 1244 864 1275 7
872 1243 902 1276 b.
927 1244 990 1276 Hic
1013 1245 1175 1285 plerisque
1198 1245 1365 1278 infirmatis

242 1284 340 1316 Jubet
365 1286 494 1318 claustri
519 1292 592 1320 voto
616 1289 698 1328 pari,
926 1290 1110 1332 Sanitatem,
1136 1293 1298 1325 tribulatis

289 1332 420 1364 Nullum
446 1334 544 1365 demit
568 1336 680 1376 gratia,
972 1338 1073 1370 Laeta
1096 1339 1161 1373 fert
1185 1341 1308 1373 solatia.

158 1389 217 1421 8a.
244 1388 354 1420 Visum
381 1391 493 1431 caecis,
520 1392 577 1423 sed
602 1393 745 1424 auditum
843 1394 901 1428 8b.
926 1394 1010 1427 Sane
1034 1395 1104 1436 figit
1128 1398 1250 1429 claudis
1275 1406 1429 1441 gressum,

239 1436 352 1469 Surdis
376 1441 522 1477 praest-at
544 1440 727 1479 expeditum
923 1443 1163 1484 Adstringentis
1188 1445 1263 1477 sinit
1287 1454 1432 1485 pressum

283 1483 329 1516 Et
352 1483 443 1525 fugat
468 1486 644 1528 daemonia,
969 1490 1085 1523 Febris
1111 1493 1293 1525 acrimonia.

154 1541 211 1574 9a.
236 1540 419 1574 Excellenti
444 1543 674 1583 scripturarum
841 1545 899 1580 9b.
924 1546 1018 1580 Nexu
1044 1549 1146 1580 carnis
1171 1549 1246 1581 hinc
1269 1550 1405 1595 laxatur,

237 1588 354 1621 Libros
380 1590 453 1623 stilo
480 1591 658 1624 divinarum
924 1593 1056 1627 Fratres
1082 1597 1174 1637 accit,
1206 1599 1442 1631 commendatur

282 1636 402 1677 Explet
427 1638 481 1670 hic
505 1639 649 1682 eximius⁷
969 1642 1029 1674 His
1053 1653 1143 1676 amor
1167 1644 1340 1677 sublimius.

130 1693 173 1725 10
184 1701 212 1724 a.
240 1693 319 1725 Orat
344 1697 376 1725 et
398 1698 540 1727 meretur
566 1697 686 1729 Christi
817 1698 897 1731 10]).
920 1700 1030 1739 Ipsum
1056 1709 1130 1741 ergo
1157 1701 1373 1744 deprecemur,

235 1740 345 1780 Regno
367 1742 472 1781 justus
494 1743 548 1783 pie
571 1744 641 1775 sisti
921 1746 968 1779 Ut
992 1747 1118 1779 sodales
1144 1748 1173 1780 ei
1200 1749 1310 1781 demur

283 1788 362 1820 Post
385 1789 464 1821 haec
488 1791 691 1831 transitoria3
969 1795 1008 1826 In
1034 1795 1163 1827 coelesti
1186 1797 1297 1836 gloria.

204 1856 291 1884 Grad.
321 1867 375 1885 ms.
401 1859 607 1896 Margarethae
636 1860 791 1890 Scheiffart
817 1863 852 1890 de
879 1863 999 1891 Merode
1025 1872 1101 1891 racc.
1128 1863 1172 1893 15.
1202 1865 1270 1894 Coti.
1298 1867 1348 1894 lat.
1374 1866 1439 1896 259.

124 1894 240 1922 Musaei
262 1895 436 1932 Hungariei.
457 1913 492 1917 —
513 1898 598 1926 Mel.:
620 1899 770 1935 Majestati
790 1905 1001 1930 sacrosanctae.

548 2028 608 2061 165.
638 2030 682 2062 De
703 2032 810 2063 sancto
828 2031 1018 2065 Bernhardo.

124 2108 180 2140 la.
206 2107 324 2148 Fulget
345 2108 464 2141 mundo
488 2109 544 2141 lux
569 2110 729 2153 solemnis,
813 2112 872 2146 lb.
894 2114 966 2146 Hac
988 2114 1022 2146 in
1049 2115 1109 2154 die,
1137 2125 1200 2156 qua
1223 2116 1429 2150 Bernhardus

205 2156 306 2196 Quam
333 2156 464 2188 decorat
487 2157 556 2189 laus
582 2159 730 2198 perennis
891 2161 981 2194 Dans
1006 2163 1136 2195 odorem
1160 2164 1248 2196 velut
1269 2165 1388 2197 nardus

249 2203 295 2236 Et
315 2204 401 2245 jugis
423 2205 576 2237 memoria
941 2210 1129 2243 Schematur
1153 2211 1186 2243 in
1211 2212 1322 2252 gloria.

123 2262 178 2293 2a.
203 2261 288 2294 Alvo
313 2262 426 2294 matris
451 2262 557 2296 adhuc
582 2263 717 2307 clausus,
810 2266 868 2300 2b.
890 2267 945 2299 Illi
970 2267 1113 2300 Christus
1138 2269 1321 2302 incarnatus

203 2309 327 2342 Mundo
352 2319 451 2343 novos
478 2311 534 2343 dat
556 2312 728 2351 applausus
891 2314 941 2347 De
961 2315 1086 2356 virgine
1110 2318 1235 2357 quando
1260 2321 1353 2350 natus

251 2357 365 2390 Catelli
389 2367 450 2399 per
473 2359 638 2400 somnium,
939 2363 1100 2396 Monstrat
1126 2366 1337 2406 puerperium.
