1653 2632
695 144 957 181 —197—

607 237 673 269 262.
714 237 758 270 De
780 240 890 270 sancta
908 238 1098 271 Katharina.

176 288 233 323 1a.
259 290 489 324 Laetabundus

306 338 463 371 Exultans
487 343 521 372 te
543 341 641 373 laude
664 341 785 385 laudet,

352 386 544 428 Katharina,

173 439 230 470 2a.
257 438 353 470 Fidei
378 440 557 472 constantia

257 486 398 526 Superas
422 486 633 532 Maxentium,

305 533 498 576 Kamai-ina,

173 586 231 618 3a.
258 587 308 618 Tu
328 588 469 618 mactata
497 586 640 627 verbere,

256 633 375 665 Taetro
402 633 510 665 clausa
535 642 672 674 carcere,

305 680 495 720 Katharina‚

171 734 229 765 4a.
257 732 305 764 Te
329 732 440 772 regina
464 732 616 772 sequitur,

255 779 301 812 Et
325 781 428 811 morte
452 780 687 821 praegreditur,

305 826 496 867 Katharina‚

173 880 229 912 5a.
256 879 376 911 Fracta
398 881 489 911 rotae
513 879 661 912 machina

256 926 363 959 Multa
388 926 503 959 sternit
526 926 625 967 milia,

256 973 326 1005 Nec
350 976 383 1005 te
406 974 540 1006 laedunt
562 970 721 1019 [lamina]‚

303 1021 494 1053 Katharina.

172 1074 230 1106 6a.
257 1073 392 1105 Locaris
413 1072 448 1104 in
474 1073 561 1113 Sina,

254 1120 306 1152 Ex
331 1123 363 1151 te
387 1120 547 1152 medicina

304 1167 393 1200 Fluit
416 1168 488 1207 olei,

352 1215 545 1248 Katharina.

863 295 920 328 lb.
944 295 1004 335 Qui
1025 296 1185 335 jucundus

993 343 1127 375 Victrici
1151 343 1210 375 tibi
1236 345 1422 386 congaudet,

1037 391 1227 423 Katharina.

862 441 921 475 21).
941 442 1028 475 Mira
1053 443 1233 482 eloquentia

944 490 1070 522 Victrix
1095 490 1318 532 eloquentium,

992 537 1185 570 Katharina.

863 588 922 621 3b.
948 589 1037 622 Coeli
1058 589 1130 621 luce
1154 588 1281 630 frueris,

944 636 1008 668 Per
1032 636 1208 669 columbam
1233 637 1385 678 pasceris,

991 683 1182 717 Katharina.

862 734 921 767 4b.
944 736 1051 775 Atque
1077 744 1146 767 cum
1170 736 1351 776 Porphyrio

943 782 1130 815 Ducentena
1156 784 1274 824 concio,

991 830 1181 864 Katharina.

862 880 919 914 5b.
941 881 1020 913 Mox
1043 885 1079 913 ut
1103 884 1200 922 caput
1221 883 1383 923 plecteris,

942 928 1082 969 Longius
1109 929 1274 961 deveheris

942 976 972 1007 A
996 976 1151 1008 ministriS
1176 977 1310 1017 superis,

990 1023 1179 1055 Katharina.

861 1073 917 1106 6b.
939 1074 1131 1113 Quaesumus
1154 1075 1263 1107 divina

942 1121 1010 1161 Ope
1034 1130 1055 1153 a
1078 1122 1171 1154 ruina

989 1168 1057 1200 Fac
1080 1178 1138 1201 nos
1165 1169 1289 1209 devehi,

1037 1216 1230 1249 Katharina.

246 1271 331 1298 Miss.
359 1278 413 1297 ms.
442 1270 537 1306 Capit.
565 1271 751 1298 Cracoviens.
778 1269 805 1298 2.
831 1272 900 1298 anni
928 1268 1010 1298 1438.
1033 1285 1071 1289 —
1090 1272 1159 1299 Mel.
1185 1271 1345 1299 natiirlich:
1375 1271 1483 1298 Laeta-

174 1309 301 1337 bundus.
325 1323 363 1328 —-
383 1307 433 1342 5a,
455 1306 473 1336 3
493 1307 592 1336 fehlen
613 1306 632 1336 3
652 1308 763 1336 Silbcn.

585 1381 651 1412 263.
692 1381 735 1412 De
755 1382 866 1413 sancta
885 1381 1074 1413 Katharina.

171 1439 227 1471 la.
255 1437 383 1470 Laudes
409 1437 477 1469 Deo
505 1437 629 1469 debitas

303 1484 468 1517 Solvamus
491 1484 653 1526 alacriter,

251 1532 320 1564 Nos
345 1540 497 1572 praesens
522 1532 705 1564 solemnitas

300 1579 451 1612 Gaudere
474 1580 659 1619 perenniter

349 1627 471 1659 Invitat
494 1627 690 1660 solemniter.

171 1680 227 1712 2a.
255 1678 454 1711 Katharinae
477 1678 585 1718 passio

301 1725 350 1757 Eo
375 1725 468 1757 nobis
492 1725 623 1765 gratior,

253 1773 321 1813 Quo
344 1772 409 1804 Dei
430 1772 572 1804 laudatio

302 1819 426 1852 Mundo
451 1818 488 1851 fit
509 1819 690 1859 jucundior.

172 1873 228 1905 3a.
256 1871 381 1912 Sponsa
402 1871 487 1912 regis

303 1921 337 1951 et
359 1919 444 1959 regis
468 1918 545 1958 filia,

254 1966 362 2007 Major
388 1966 517 2009 Christi,

302 2023 396 2054 quam
423 2013 510 2047 Costi
535 2013 647 2054 gloria⁷

253 2061 375 2094 Domus
398 2062 507 2102 sponsi

302 2119 396 2150 quam
421 2110 523 2149 patris
549 2109 647 2150 regia,

254 2157 371 2198 Sponsi
395 2157 505 2197 nequit

302 2205 374 2246 capi
398 2205 561 2245 prosapia.

168 2259 226 2292 4a.
252 2258 375 2291 Edicta
397 2257 556 2290 Maxentii

300 2306 388 2339 Voce
409 2305 540 2338 damnat
563 2304 675 2348 libera,

251 2355 356 2388 Foedi
381 2353 533 2386 sacrificii

299 2402 411 2435 Foeda
435 2402 561 2443 spernit
582 2399 725 2435 foedera,

858 1437 917 1471 lb.
940 1438 1053 1470 Dulcis
1079 1441 1128 1470 est
1148 1439 1343 1479 jucunditaS‚

988 1485 1024 1518 Si
1048 1494 1118 1517 cum
1145 1485 1265 1518 chorda
1288 1486 1410 1525 pariter

941 1532 1055 1565 cordis
1079 1534 1215 1573 plaudat
1238 1533 1361 1573 puritas

988 1580 1220 1613 Concordando
1244 1580 1370 1620 leniter⁷

1032 1628 1206 1661 Psallendo
1225 1627 1436 1660 concorditer.

857 1680 915 1712 ab.
937 1679 1079 1712 Pulchra
1102 1678 1181 1712 foris
1205 1678 1299 1720 facie,

988 1726 1052 1759 Sed
1076 1729 1182 1758 mente
1206 1725 1385 1766 formosior,

940 1774 1034 1807 Omni
1058 1774 1160 1813 major
1184 1773 1291 1814 specie

987 1820 1094 1853 Decor
1118 1823 1168 1853 est
1189 1821 1332 1853 interior.

859 1873 916 1907 3b.
940 1873 1052 1912 Capax
1075 1881 1179 1913 sensu,

987 1923 1083 1952 tenax
1107 1920 1269 1962 memoria,

939 1967 1090 1999 Litterali

987 2015 1111 2055 pollens
1136 2015 1304 2056 industria,

939 2062 1047 2102 Major
1069 2066 1175 2095 tamen

988 2109 1069 2142 fides
1094 2109 1255 2153 facundia,

943 2158 1123 2198 Superabat

989 2208 1136 2238 naturam
1158 2206 1270 2246 gratia.

859 2258 919 2293 4b.
943 2258 1071 2292 Oruoris
1095 2258 1218 2291 innoxii

989 2306 1117 2340 Clamor
1140 2307 1249 2347 pulsat
1273 2306 1390 2347 sidera,

940 2353 1105 2386 Incestant
1127 2353 1241 2395 flagitii

988 2402 1096 2435 Solum
1120 2402 1202 2435 tanti
1226 2403 1358 2436 scelera.
