1653 2632
714 133 974 169 —105—

587 232 649 264 132.
688 234 731 266 De
752 243 776 267 s.
797 236 929 269 Antonio
949 238 1102 270 Erennita.

191 295 249 328 Ia.
276 297 368 342 Veni,
395 303 489 339 pater
513 302 643 343 Antoni,
877 307 935 340 lb.
962 308 1052 349 Veni,
1079 313 1172 349 pater
1195 320 1381 355 pauperum,

271 344 318 376 Et
341 346 497 386 spiritalis
524 349 599 381 doni
959 355 1124 389 Medicina
1148 359 1313 391 vulnerum

320 393 424 426 Nobis
447 396 539 427 mitte
563 397 698 440 radium,
1007 402 1119 436 Carnis
1145 408 1240 445 atque
1265 407 1418 440 cordium.

193 448 250 480 2a.
278 449 467 483 Consolator
492 453 620 493 optime,
876 458 934 492 ab.
956 460 1075 500 Ardor,
1101 462 1135 493 in
1160 471 1220 502 quo
1243 465 1367 503 requies

271 496 381 536 Ignem
407 499 501 537 pellis
526 501 664 533 maxime
956 506 1028 538 Non
1055 510 1113 548 est,
1138 508 1175 541 fit
1198 512 1368 550 temperies

319 543 436 577 Dando
460 545 680 588 refrigerium3
1004 554 1067 586 Per
1090 559 1179 587 tuum
1203 558 1359 590 solatium.

186 600 242 632 32..
271 600 295 632 O
322 601 425 633 virtus
450 604 650 635 sanctissima
873 608 932 641 31).
955 610 1037 642 Nam
1063 612 1095 643 in
1121 615 1174 645 tuo
1199 615 1334 652 nomine,

270 646 426 688 Salusque
452 650 605 682 citissima
955 657 1044 696 Quod
1068 662 1161 691 nocet
1185 661 1218 692 in
1243 661 1378 702 homine,

315 694 456 727 Tuorum
481 695 635 738 fidelium,
1003 704 1071 737 Cito
1095 705 1132 738 fit
1155 707 1327 743 innoxium.

182 750 242 784 4a.
268 750 393 783 Munda
419 761 533 792 corpus
559 755 733 794 sordidum,
871 759 933 793 4b.
955 760 1068 793 Flecte
1091 763 1235 795 morbum
1259 766 1407 806 rigidum„

266 797 373 838 Irriga
398 807 452 831 cor
477 800 613 842 aridum,
951 808 1061 848 Ignem
1087 811 1188 842 redde
1213 810 1374 853 frigidum,

314 844 410 886 Sana,
437 847 522 887 quod
547 851 595 880 est
618 851 777 890 saucium,
998 855 1087 897 Rege
1112 858 1196 897 quod
1222 863 1269 890 est
1296 860 1431 893 devium.

182 902 236 935 5a.
263 901 316 933 Da
342 902 465 935 devotis
490 905 648 937 mentibus
870 910 926 943 51).
948 911 993 943 Et
1017 913 1108 944 nobis
1134 917 1205 953 post
1230 915 1350 947 obitum

263 949 318 981 Ad
344 951 376 981 te
402 951 636 991 suspirantibus
950 958 1069 991 Christi
1094 969 1153 1000 per
1176 962 1324 994 intuitum

311 996 445 1029 Sacrum
468 1001 682 1038 septenarium
995 1006 1046 1037 Da
1069 1016 1209 1046 perenne
1234 1010 1393 1048 gaudium.

253 1070 337 1098 Miss.
365 1079 417 1098 ms.
444 1073 553 1101 Montis
580 1075 730 1103 Romal-ici
756 1085 831 1105 saec.
856 1075 921 1106 14115
949 1078 1016 1107 Cod.
1043 1080 1202 1110 Parisiens.
1225 1081 1330 1112 14823.
1357 1101 1394 1104 —
1420 1086 1490 1113 Mel.

179 1107 471 1137 selbstoerstiindlich
490 1112 568 1139 Veni
587 1116 689 1141 sancte
707 1115 838 1150 spiritus.

573 1231 635 1263 133.
675 1233 719 1264 De
739 1241 766 1264 s.
788 1235 922 1267 Antonio
942 1236 1095 1268 Eremita.

177 1298 233 1331 la.
260 1298 364 1339 Salve,
390 1302 484 1339 pater
508 1303 698 1343 venerande,
864 1306 921 1338 lb.
946 1306 1045 1345 Quam
1070 1310 1135 1339 tam
1161 1309 1247 1340 clare
1263 1312 1484 1349 praetendisti,

258 1346 335 1378 Vita
360 1347 449 1386 cujus
473 1348 648 1381 imitandae
946 1354 970 1386 O
996 1355 1127 1394 Antoni,
1156 1356 1230 1387 dum
1255 1357 1364 1389 vixisti

308 1393 446 1426 Virtutis
472 1398 519 1427 est
545 1394 692 1436 formula,
988 1401 1026 1433 In
1050 1402 1192 1442 Aegypti
1215 1404 1372 1443 partibus.

175 1450 231 1482 2a.
258 1449 324 1482 Ubi
348 1450 418 1483 Deo
443 1452 605 1485 serviebas
859 1456 907 1489 21)
938 1456 1113 1490 Infestatus
1139 1462 1171 1490 et
1195 1459 1335 1493 afflictus

252 1497 346 1529 Mero
373 1499 470 1531 corde
495 1502 527 1531 et
554 1501 704 1533 vincebas
940 1504 1013 1537 Non
1037 1514 1070 1537 es
1095 1508 1198 1538 motus
1222 1516 1325 1548 neque
1349 1509 1450 1542 victus

301 1545 499 1579 Daemonum
523 1549 690 1587 versutias,
985 1552 1037 1584 Ab
1065 1562 1172 1585 eorum
1193 1553 1287 1590 furia.

171 1602 228 1636 3a.
256 1601 381 1634 Cedunt
405 1612 543 1644 namque
566 1608 734 1637 vexatores
857 1608 914 1642 3b.
938 1610 1059 1641 Parant
1083 1609 1191 1651 fugam
1216 1612 1262 1643 nil
1287 1613 1407 1654 adepti,

255 1649 350 1690 Victi,
378 1651 431 1690 qui
456 1651 706 1691 triumphatores
938 1657 1140 1690 Consternati
1166 1662 1197 1691 et
1224 1659 1350 1700 decepti

301 1696 342 1728 Se
367 1698 540 1737 sperabant
565 1698 653 1741 fieri;
985 1704 1086 1736 Tuam
1110 1714 1170 1744 per
1194 1706 1396 1741 industriam.

168 1753 224 1785 4a.
250 1753 395 1785 Tandem
417 1754 516 1786 vitam
541 1756 733 1788 strictiorem
855 1760 917 1792 4b.
941 1761 980 1793 In
1005 1761 1166 1800 speluncis
1193 1766 1224 1794 et
1250 1765 1394 1796 cavernis

250 1801 296 1832 Es
317 1809 464 1841 agressus
490 1811 549 1834 nec
573 1803 738 1835 horrorem
941 1809 971 1839 A
996 1808 1165 1840 mundanis
1195 1813 1226 1841 et
1251 1812 1390 1844 externis

298 1847 391 1879 Vasti
416 1857 570 1888 spernens
596 1851 704 1891 eremi,
984 1855 1195 1895 Reprimebas
1221 1858 1368 1891 animum.

169 1905 224 1937 5a.
249 1903 372 1944 Corpus
397 1907 486 1936 tuum
511 1906 660 1939 biduanis
856 1910 913 1943 5b.
935 1911 1074 1951 Postque
1099 1921 1195 1945 carne
1219 1915 1377 1947 resolutus

251 1952 438 1995 Maoerasti,
464 1953 623 1986 triduanis
938 1957 1092 1991 Claritate
1122 1969 1155 1991 es
1179 1961 1309 1993 indutus

298 1999 490 2040 Crebrisque
511 2002 651 2042 jejuniis,
984 2006 1021 2038 In
1048 2008 1179 2039 coelesti
1204 2009 1301 2041 curia.

168 2058 224 2090 6a.
252 2057 277 2090 O
302 2057 425 2089 Antoni
450 2058 596 2099 gloriose,
858 2062 918 2096 6b.
943 2063 1033 2095 Sicut
1055 2066 1091 2095 tu
1114 2065 1222 2097 vicisti
1245 2067 1398 2099 mundum

249 2105 345 2137 Vitae
368 2108 499 2137 nostrae
524 2115 731 2140 aerumnosae
937 2111 979 2143 Et
1005 2111 1039 2143 in
1061 2111 1130 2144 Deo
1160 2121 1215 2145 cor
1236 2114 1412 2153 jucundum

294 2153 353 2185 Pie
378 2151 428 2184 fer
453 2154 624 2194 auxilium3
982 2158 1056 2191 Tibi
1082 2169 1208 2200 semper
1233 2162 1366 2204 exstitit,

164 2211 183 2243 7
190 2219 218 2242 a.
246 2210 299 2243 Ita
321 2209 410 2242 Deus
435 2212 468 2241 te
491 2214 645 2250 precante
853 2214 911 2247 7b.
933 2215 997 2247 Per
1021 2217 1106 2256 quod
1130 2218 1252 2250 vultum
1279 2219 1406 2252 deitatis

244 2257 361 2291 Mundi
387 2256 503 2290 fastum
529 2258 621 2291 nobis
647 2263 721 2293 ante
933 2263 1191 2304 Contemplemur
1216 2275 1287 2298 cum
1310 2267 1414 2301 beatis

292 2305 433 2338 Mortem
460 2306 556 2338 donet
576 2307 713 2342 vincere.
978 2311 1017 2343 In
1041 2314 1176 2352 perenni
1200 2315 1309 2354 gloria.

235 2381 323 2410 Grad.
345 2391 398 2409 ms.
420 2381 665 2410 Gaesdoncanum
686 2391 708 2410 s.
730 2384 805 2419 sign.
826 2392 901 2413 saec.
923 2384 968 2414 15.
990 2396 1033 2415 ex.
