1653 2632
681 116 917 151 „75—

151 221 207 252 5a.
234 217 282 249 Tu
307 225 481 256 pauperum
506 214 683 255 praedium,
835 212 893 245 5b.
915 213 984 244 Arx
1010 219 1044 242 es
1068 209 1306 249 poenitentium,

235 264 395 297 Convallis
417 263 592 301 humilium,
919 259 1065 291 Castrum
1089 256 1304 295 militantium,

279 312 402 344 Hortus
428 319 461 342 es
489 312 663 347 castorum3
966 304 1079 336 Turris
1105 312 1138 334 es
1162 303 1328 334 victorum.

155 381 211 412 6a.
238 378 288 410 Tu
312 377 437 417 piscina
460 375 636 414 suavitatis,
837 371 896 405 6b.
917 369 1091 403 Paradisus
1116 368 1300 408 voluptatis,

233 425 435 457 Humanatae
465 422 591 455 deitatis
919 417 1098 450 Universae
1122 415 1274 447 bonitatis

280 472 393 504 Dulcis
417 473 542 502 torrens
566 476 698 509 aureu53
965 464 1064 504 Fons,
1090 463 1222 504 1ivulus‚
1248 463 1369 494 alveus,

153 540 172 572 7
180 548 208 571 a.
236 540 324 571 Arca
349 545 441 569 sacra
462 534 602 567 foederis
839 531 896 564 7b.
920 530 1092 571 Expiatrix
1116 528 1246 561 sceleris

233 585 279 617 Et
302 583 432 615 humani
459 582 584 623 generis
919 578 965 610 Et
991 577 1091 610 divini
1114 576 1254 608 muneris

282 632 342 663 Pia
370 629 551 668 mediatrix,
968 625 1076 666 Larga
1102 624 1325 664 dispensatrix.

154 700 209 732 Sa.
238 698 262 730 O
290 697 383 729 dulce
408 695 583 734 consilium,
839 692 897 725 8b.
921 692 946 725 Ο
971 699 1120 731 magnum
1143 689 1339 729 mysterium,

235 745 376 784 Largum
400 741 598 781 beneficium,
921 740 946 772 Ο
971 739 1085 770 mirum
1111 737 1341 777 commercium,

235 792 362 824 Novum
387 789 598 831 privilegium,
922 787 947 820 Ο
973 786 1060 826 pium
1086 784 1286 824 connubium,

286 839 382 879 Virgo
413 837 608 878 gravidatur.
970 832 1111 866 Verbum
1135 832 1330 863 incarnatur.

156 907 213 939 9a.
238 906 310 938 Rex
334 907 367 936 in
392 904 487 936 coelis
512 903 647 935 rutilans
841 899 900 933 9b.
924 901 1072 939 Agnosce
1094 897 1273 937 puerulum,

286 952 379 985 Jacet
400 952 434 983 in
458 950 637 991 praesepio,
971 945 1176 985 Amplectere
1199 944 1328 984 socium,

238 1000 376 1032 Miseros
401 998 579 1031 assimilans
923 993 1033 1033 Virg0‚
1059 992 1182 1024 lactans
1207 991 1376 1030 parvulum

285 1047 384 1087 Vagit,
404 1046 515 1078 matris
540 1044 668 1086 gremio,
974 1040 1116 1079 Injuriae
1140 1038 1282 1070 nescium

335 1093 496 1133 Gaudens,
522 1093 625 1132 homo,
651 1091 753 1131 plora.
1019 1087 1083 1119 Pro
1108 1085 1263 1118 fratribus
1289 1094 1355 1119 ora.

232 1171 350 1198 Prosar.
370 1178 424 1196 ms.
444 1169 633 1196 Franciscan.
655 1174 730 1194 saec.
750 1163 824 1194 ulls.
846 1164 917 1192 Cod.
937 1164 1098 1191 Parisiens.
1122 1159 1205 1190 1339.
1244 1162 1303 1189 Mit
1322 1161 1393 1189 Mel.

604 1287 650 1318 95.
689 1286 732 1317 De
751 1285 847 1317 beata
866 1284 968 1316 Maria
989 1284 1024 1315 V.

162 1366 216 1400 la.
242 1365 355 1404 Exsul,
381 1372 485 1404 surge,
508 1363 575 1402 jam
601 1364 651 1394 est
673 1362 763 1404 hora,
846 1359 904 1394 lb.
927 1359 1021 1392 Nova
1044 1359 1278 1399 pigmentorum
1302 1356 1384 1388 cella

242 1411 374 1444 Patriae
398 1411 494 1443 vitam
520 1410 661 1450 explora,
928 1407 1022 1440 Nova
1045 1406 1138 1439 nobis
1163 1405 1247 1445 pluit
1271 1404 1377 1444 mella,

240 1460 328 1492 Ecce
350 1459 462 1491 rutilat
486 1466 603 1490 aurora
929 1455 1008 1487 Orta
1033 1456 1082 1486 est
1106 1463 1146 1485 ex
1171 1452 1271 1486 Jacob
1297 1452 1401 1490 stella,

291 1507 384 1539 Nova
407 1514 508 1538 novae
532 1505 663 1545 gratiae.
978 1502 1072 1535 Cedit
1093 1511 1156 1534 nox
1182 1500 1340 1533 miseriae.

161 1576 217 1608 2a.
243 1574 327 1606 Dum
351 1573 386 1605 in
408 1572 490 1604 mari
514 1570 712 1610 fluctuamus,
847 1569 905 1603 ab.
927 1569 1048 1601 Nostra
1070 1567 1160 1600 venit
1183 1567 1339 1599 advocata

243 1623 307 1655 Per
330 1621 413 1652 hanc
432 1620 555 1652 stellam
584 1619 756 1659 dirigamus
929 1618 961 1649 A
986 1618 1122 1657 patrono
1146 1623 1224 1647 vero
1251 1615 1336 1654 data,

244 1669 387 1711 Cursum,
414 1670 449 1699 ut
475 1667 522 1699 sic
546 1666 737 1706 attingamus
928 1664 975 1697 Ut
997 1673 1058 1704 pro
1083 1663 1147 1695 reis
1171 1663 1257 1702 leges
1282 1664 1374 1702 grata

291 1716 396 1748 Verae
419 1717 545 1756 portum
570 1713 705 1754 patriae.
977 1712 1106 1751 Alleget
1131 1710 1327 1742 clementiae.

162 1785 221 1817 3a.
248 1783 339 1815 Haec
361 1791 457 1814 verae
480 1782 561 1814 lucis
587 1781 725 1821 alumna,
849 1778 907 1813 3b.
929 1779 1029 1819 Virga
1055 1778 1096 1810 de
1119 1777 1230 1810 radice
1254 1777 1355 1818 Jesse,

245 1830 355 1863 Nubes
387 1833 420 1862 et
441 1830 524 1870 ignis
550 1830 696 1861 columna
931 1827 1021 1868 Rege
1044 1835 1116 1858 reos
1141 1823 1304 1858 indefesse

245 1878 358 1918 Lucet,
385 1878 498 1918 quibus
524 1879 573 1908 est
596 1885 748 1908 aerumna
931 1874 978 1906 Et
1002 1874 1064 1906 duc
1087 1882 1145 1905 nos
1171 1873 1214 1905 ad
1237 1880 1348 1904 verum
1373 1878 1442 1902 esse

292 1925 420 1965 Lutum,
451 1926 544 1965 later,
570 1924 673 1964 palea.
980 1921 1032 1954 Ab
1055 1921 1117 1953 hac
1140 1921 1253 1953 mortis
1280 1918 1382 1951 fovea.

238 2001 354 2028 Prosar.
374 2000 561 2027 Franciscan.
583 2007 658 2026 saec.
682 1996 756 2025 ¹⁴l15.
778 1997 849 2025 Cod.
872 1997 1031 2025 Parisiens.
1054 1994 1137 2024 1339.
1176 1996 1234 2023 Mit
1252 1996 1369 2030 eigener
1390 1992 1460 2021 Mel.

606 2108 653 2139 96.
693 2107 737 2138 De
756 2106 851 2138 beata
871 2104 971 2137 Maria
990 2105 1027 2136 V.

166 2191 224 2223 la.
250 2190 349 2230 Virgo
373 2191 485 2228 mater,
512 2188 683 2229 gratulare,
851 2185 910 2218 lb.
933 2185 1042 2225 Stirpe
1066 2185 1151 2226 regis
1175 2187 1363 2225 propagata,

245 2237 353 2276 Digna
375 2236 479 2268 Deum
504 2243 667 2276 generare,
932 2233 994 2266 Dei
1019 2235 1123 2264 mater
1145 2232 1283 2271 illibata,

249 2284 319 2316 Fac
341 2292 399 2315 nos
426 2283 521 2322 digne
545 2284 577 2313 te
600 2281 744 2319 laudare,
932 2280 1054 2314 Nostra
1079 2280 1216 2311 clemens
1241 2280 1409 2319 advocata,

248 2331 358 2370 Astra,
382 2330 494 2369 solum,
520 2338 608 2360 mare
932 2328 997 2360 Per
1020 2330 1054 2359 te
1077 2327 1131 2359 via
1156 2327 1242 2366 data,

295 2377 355 2409 tibi
382 2376 564 2408 desiderant
587 2375 735 2415 jubilare.
983 2383 1042 2414 por
1066 2378 1098 2406 tc
1122 2374 1208 2405 salus
1235 2377 1283 2405 est
1307 2378 1470 2414 reparata.
