1653 2632
169 210 226 242 3a.

167 361 225 393 4a.

168 514 224 545 5a.

189 965 245 996 2a.

189 1068 244 1100 3a.

187 1171 244 1204 4a.

188 1277 242 1308 5a.

185 1428 241 1460 6a.

185 1532 241 1564 7a.

185 1731 242 1763 Sa.

185 1931 243 1963 9a.

161 2083 240 2116 lOa.

158 2236 239 2270 lla..

694 112 957 147 —221—

253 208 339 250 Vita,
364 209 463 241 verbo
488 209 708 249 praedicabat,

251 256 426 288 Auditores
452 256 596 288 sociabat

300 303 437 337 Coelesti
462 303 622 343 familiae3

253 360 411 401 Monstra,
438 369 562 394 vermes
589 360 782 401 conterebat,

252 408 385 440 Nullum
409 409 497 441 virus
523 408 690 440 resistebat

300 456 449 488 Maudeti
474 456 656 497 potentiae3

253 512 277 545 Ο
304 513 359 553 qui
383 521 507 544 vermes
535 512 715 552 corporales

252 559 368 600 Necas,
394 568 474 591 neca
497 560 658 599 spiritales

300 607 433 639 Vermes
459 606 678 638 conscientiae.

859 208 917 242 3b.

857 359 916 393 4b.

859 512 916 545 5b.

940 208 1062 244 Surdis,
1088 207 1183 239 mutis
1208 207 1405 247 medebatur,

941 256 1058 289 Caecos
1083 258 1174 287 natos
1198 255 1361 287 solabatur

987 303 1155 335 Oculorum
1180 302 1256 334 acie.

939 360 1025 399 Quae
1046 369 1107 392 vox
1134 359 1227 398 dicet,
1255 358 1366 399 quibus
1385 357 1484 398 signis

938 408 1005 439 Iste
1028 410 1155 439 sanctus
1178 406 1220 438 sit
1244 405 1387 445 insignis,

987 454 1162 487 Succumbo
1188 453 1349 485 materiae.

940 511 1039 543 Serve
1063 511 1145 542 bone
1170 514 1201 542 et
1225 509 1341 547 fidelis,

940 560 1009 591 Fac
1033 559 1141 590 ornari
1165 567 1222 589 nos
1247 557 1280 588 in
1307 555 1401 588 caelis

987 606 1105 638 Tecum
1130 605 1212 637 stola
1236 605 1364 645 gloriae.

255 682 338 709 Miss.
362 690 414 709 ms.
439 681 723 717 Sammagloriauum
749 689 823 708 saec.
846 679 891 708 15.
913 680 982 708 Cod.
1004 680 1162 707 Parisiens.
1185 677 1308 713 (Arsen.)
1329 675 1392 705 623.

592 781 656 813 298.
696 781 739 812 Dc
760 781 866 812 sancto
886 780 1054 812 Matthaco.

606 852 636 884 1.
663 851 750 883 Almi
775 851 879 890 gratia

667 899 753 930 adsit
776 898 868 930 nobis
894 898 1036 937 spirituS,

276 963 320 995 Ut
345 962 439 1002 digne
463 960 658 992 celebremus

271 1010 375 1049 Hujus
403 1009 467 1041 dici
497 1008 623 1048 gaudia,

271 1066 316 1098 Et
339 1069 385 1105 tu,
411 1065 586 1103 Matthaee,

272 1113 392 1145 Christi
415 1112 506 1143 miles
530 1111 650 1150 inclite,

271 1170 315 1202 Et
338 1170 461 1212 laudes,
487 1177 546 1208 pro
571 1171 604 1199 te
622 1167 794 1199 hodiernas

269 1227 346 1258 quas
370 1216 439 1249 Deo
465 1215 643 1254 referimus,

271 1275 343 1307 Jam
370 1274 539 1313 credimus,

271 1323 356 1362 quod
380 1324 415 1352 tu
441 1320 545 1352 omnia

267 1369 388 1409 poteris
414 1377 520 1400 coram
544 1366 690 1398 Domino.

267 1426 313 1458 Et
335 1425 457 1457 idcirco
482 1424 636 1456 virtutum

266 1473 405 1514 plurima
432 1480 491 1512 per
516 1469 688 1511 praeconia

267 1530 418 1563 Ezechiel
440 1532 474 1561 te
497 1527 656 1569 propheta

267 1578 426 1619 quondam
459 1575 622 1617 praevidit

267 1627 351 1657 inter
376 1627 511 1665 quatuor

267 1673 426 1705 animalia.

269 1729 375 1761 Verbo
400 1727 479 1760 fidei

267 1780 302 1808 tu
331 1776 506 1814 Aethiopes

266 1824 336 1856 Deo
363 1823 443 1855 coeli

267 1871 459 1912 praedicans
483 1870 625 1901 lucratus
652 1876 694 1900 es.

273 1929 381 1960 Victor
404 1935 570 1966 magorum

268 1986 341 2009 nam
368 1974 514 2015 effugasti

265 2027 373 2065 pestes
401 2023 573 2055 draconum

267 2082 377 2122 Ipsum
403 2088 510 2120 regem

268 2129 394 2162 Christo
419 2126 547 2159 fidelem
574 2134 643 2157 cum
668 2133 724 2156 suo

266 2176 439 2217 baptizasti
463 2174 593 2215 populo.

267 2235 358 2267 Inter
383 2242 461 2273 quos
485 2231 554 2263 Deo

264 2281 452 2322 virginalem

265 2337 456 2363 consecrans
481 2326 622 2359 statuisti

262 2379 385 2420 primus
408 2376 563 2409 ordinem.

876 959 922 991 ab

927 986 934 992 .
958 959 1165 998 congaudent
1186 958 1219 989 in
1246 966 1306 997 quo
1332 959 1442 988 sancto

961 1006 1040 1037 coeli
1065 1005 1210 1036 concives
1235 1004 1410 1037 Matthaeo.

877 1062 938 1095 3b.
961 1062 1140 1101 Propitium
1164 1063 1197 1092 te

875 1166 923 1198 4b

876 1270 932 1303 5b.

875 1421 933 1454 6b.

875 1526 933 1560 7b.

874 1725 932 1759 8b.

874 1923 932 1957 9b.

849 2075 932 2109 10b.

849 2229 890 2261 11
900 2228 930 2262 b.

958 1109 1075 1141 nostris
1101 1109 1183 1140 votis
1210 1107 1335 1139 exhibe.

929 1191 935 1198 .
958 1166 1036 1205 Nos,
1054 1165 1103 1197 illi
1119 1165 1237 1197 reddas
1255 1167 1290 1195 ut
1306 1164 1479 1204 placentes,

959 1213 1120 1253 supplices
1147 1212 1333 1252 expetimus.

955 1270 1051 1308 Quem
1077 1271 1112 1300 tu
1133 1268 1222 1308 sequi

954 1326 1061 1356 jussus
1087 1325 1191 1347 omma

957 1363 1108 1404 sprevisti
1135 1371 1204 1394 cum
1229 1362 1365 1394 teloneo.

956 1420 1141 1453 Sanctitatis
1166 1419 1200 1450 in
1225 1427 1336 1450 aevum

958 1468 1092 1499 celebris
1119 1470 1167 1498 est
1190 1466 1353 1499 memoria.

956 1525 1002 1557 Et
1024 1523 1142 1555 fiumen
1166 1526 1202 1555 tu
1228 1523 1372 1563 paradisi

956 1572 1109 1604 mundum
1133 1571 1249 1611 irrigas

955 1620 1019 1652 tuis
1046 1619 1199 1651 doctrinis

957 1667 1123 1707 evangelii.

955 1725 1079 1762 Fidem,
1107 1731 1201 1762 quam
1226 1722 1323 1754 verbo

955 1771 1212 1811 praedicaveras,

955 1828 1015 1858 per
1038 1818 1191 1850 virtutum

956 1867 1047 1906 signa
1072 1863 1326 1897 confirmaveras.

953 1923 1064 1962 Tuque
1090 1920 1274 1953 defunctum

954 1969 1152 2002 resuscitasti

954 2018 1038 2058 regis
1062 2016 1174 2049 filium.

955 2075 1141 2107 Provincias

954 2126 989 2154 tu
1011 2121 1162 2154 firmabas
1192 2121 1306 2153 ritibus

954 2170 1055 2202 sacris
1081 2172 1113 2201 et
1137 2166 1314 2201 ordinibus.

951 2228 1046 2261 Illam
1071 2229 1107 2260 tu
1131 2227 1201 2259 velo

955 2276 1135 2308 dedicatam

953 2323 1093 2365 regendo
1117 2321 1282 2363 perfecisti

951 2370 1151 2412 Epigeniam.
