1653 2632
717 137 952 173 -93-

204 227 260 260 92..
289 227 496 262 Vestimentis
521 232 686 272 spoliatur,

283 275 329 308 Ut
356 285 390 308 se
414 278 532 310 nudam
558 283 707 312 vereatur

334 324 491 364 Populum
518 328 712 368 conspicere,

176 388 219 422 10
232 397 261 422 a.
288 389 476 430 Mancipata
499 392 649 432 lupanari

281 436 333 468 Ab
360 439 482 478 angelis
508 441 667 473 consolari

329 484 451 517 Meruit
476 487 638 527 divinitus,

174 548 255 582 11a.
282 550 360 582 Mox
384 550 517 584 infamia
542 551 681 595 fugatur,

280 597 364 629 Nam
388 599 525 639 lupanar
548 601 730 634 illustratur

326 644 373 677 Ut
395 646 492 678 solari
513 647 638 687 jubare,

172 689 216 722 12
226 699 255 724 a.
281 692 479 725 Adolescens
506 694 580 725 dum
605 695 731 736 iniquus

282 738 436 771 Fremens
461 740 562 773 intrat
583 742 773 785 impudicus,

328 786 471 819 Necatur
495 790 684 834 prostibulo,

890 236 949 270 9b.
970 237 1034 269 Sed
1061 239 1184 278 capillis
1210 239 1425 272 circumdatur

972 285 1093 324 Corpus
1118 288 1217 317 totum
1244 295 1277 318 es
1301 288 1427 320 velatur

1016 332 1105 364 Sicut
1128 336 1214 365 muto
1240 334 1368 367 vellere.

863 396 945 431 1012.
967 398 1088 430 Stolam
1111 399 1185 431 nive
1208 400 1450 443 praenitente1n‚

968 445 1076 477 Stellis
1102 447 1207 478 aureis
1232 446 1406 488 fulgentem

1011 492 1116 525 Affert
1140 494 1169 525 ei
1194 494 1337 528 coelitus.

861 557 943 590 1110.
968 558 1064 598 CuJus
1088 560 1193 591 lumen
1220 560 1446 601 obstupescunt

962 607 1100 639 Juvenes
1127 610 1159 638 et
1183 611 1396 647 expavescunt

1010 654 1141 693 Ingredi
1166 663 1235 686 cum
1261 664 1418 695 compare.

860 698 941 732 121).
965 700 1027 732 Pro
1046 710 1105 741 quo
1118 702 1211 742 Agna
1229 702 1302 734 dum
1319 706 1478 743 precatur,

963 747 1149 788 Reviviscit,
1176 749 1229 789 qui
1252 750 1398 789 ploratur

1007 795 1154 827 Mortuus
1179 797 1213 828 in
1233 797 1363 836 populo.

173 850 254 885 1321.
280 850 379 884 Plebs
416 853 491 885 hinc
527 853 636 887 furens
672 857 797 897 Agnam
856 859 938 893 1310.
960 861 1052 893 Haec
1073 862 1216 893 oratione
1238 861 1324 894 facta

568 912 693 943 magam

276 945 479 980 Contestatur
504 953 573 982 arte
598 959 711 990 vagam

323 994 505 1035 Mancipari
530 997 667 1037 ignibus,

959 955 997 987 In
1022 953 1156 987 flammis
1180 959 1287 987 manet
1309 957 1430 988 intacta

1007 1002 1149 1042 Corpore
1174 1011 1212 1034 ac
1235 1003 1386 1036 vestibus.

167 1058 247 1092 1422.
273 1059 410 1091 Demum
430 1064 532 1094 tortor
548 1071 660 1095 saevus
678 1065 793 1104 mergit,
852 1066 933 1100 1412.
955 1068 1034 1099 Mox
1059 1068 1100 1100 ad
1125 1069 1233 1108 sponsi
1257 1068 1444 1109 cubiculum,

273 1106 393 1139 Ensem
418 1108 451 1139 in
475 1112 592 1149 guttur,
618 1111 666 1142 sic
685 1112 793 1151 pergit

320 1156 430 1195 Agnes
457 1164 526 1187 cum
552 1157 686 1189 victoria

165 1218 246 1251 15a.
272 1219 345 1259 EJa,
372 1230 499 1262 sponsa,
525 1232 610 1255 nunc
634 1233 769 1264 agnosce

270 1265 386 1299 Servos
411 1271 481 1300 tuos
508 1272 540 1300 et
565 1270 701 1310 deposce

317 1315 451 1347 Veniam
477 1318 712 1358 peccaminum3

956 1114 1022 1148 Ubi
1047 1124 1138 1146 suum
1161 1115 1344 1147 dilectulum

1006 1161 1172 1194 Concernit
1197 1163 1230 1193 in
1256 1163 1367 1203 gloria.

849 1226 931 1260 15b.
953 1226 1000 1258 Ut
1024 1230 1209 1266 consumpto
1236 1236 1330 1260 cursu
1354 1229 1440 1261 ritae

958 1273 1071 1305 Choris
1097 1275 1324 1314 conjungamur
1348 1276 1411 1308 rite

1001 1320 1170 1352 Beatorum
1197 1322 1365 1361 agminum.

238 1397 321 1425 Miss.
349 1407 401 1427 ms.
425 1399 454 1428 S.
475 1401 609 1428 Floriani
628 1402 673 1429 XI
692 1400 748 1430 389
770 1411 845 1431 saec.
869 1401 913 1431 14.
933 1405 968 1432 A.
990 1419 1023 1423 ——
1046 1404 1105 1432 Mis
1124 1425 1129 1431 .
1149 1414 1202 1432 ms.
1224 1405 1253 1432 b.
1273 1406 1405 1433 Floriani
1425 1407 1472 1434 m

158 1432 212 1462 221
235 1443 310 1463 saec.
335 1435 378 1464 14.
398 1437 433 1465 Β.
453 1453 492 1458 -
513 1439 596 1467 Miss.
614 1449 666 1468 ms.
687 1441 869 1469 Vol-aviense
887 1439 924 1470 35
946 1451 1021 1470 saec.
1045 1442 1088 1470 14.
1113 1443 1143 1470 C.
1168 1457 1207 1461 —
1230 1441 1280 1475 331τι
1302 1442 1320 1470 2
1340 1444 1472 1472 Proster-

157 1475 226 1507 gata
247 1474 284 1500 A.
305 1489 342 1493 —
363 1473 415 1509 8a,
439 1475 453 1503 1
476 1485 594 1505 scenum
613 1477 696 1506 ABG.

595 1607 652 1640 114.
693 1609 737 1641 De
755 1611 866 1642 sancta
887 1612 1019 1651 Agnete.

160 1683 220 1717 la.
246 1682 394 1717 Affluens
422 1686 544 1718 deliciis

241 1730 360 1764 Fertur
384 1734 497 1772 sponsi
521 1734 662 1767 brachiis

284 1779 393 1819 Agnes
419 1781 645 1822 sacratissima,

156 1845 213 1876 2a.
241 1844 331 1876 Haec
355 1848 460 1877 aetate
483 1847 659 1880 lascivante

239 1891 404 1924 Charitate
427 1902 505 1925 vera
530 1895 627 1927 dante

286 1939 449 1972 Praefecti
474 1942 598 1981 spernit
621 1942 732 1985 filium,

282 1985 334 2020 Ac
358 1988 385 2020 si
411 1989 452 2020 sit
476 1990 588 2021 mortis
610 1991 778 2030 spiculum.

151 2054 208 2087 33..
236 2053 376 2094 Propter
400 2055 461 2088 hoc
487 2057 640 2097 arripitur

282 2101 469 2137 Praefectus
493 2103 611 2145 furore,

233 2150 287 2182 Ad
313 2150 451 2191 lupanar
476 2152 603 2184 ducitur

280 2198 380 2239 Virgo
406 2208 477 2231 cum
501 2201 636 2241 pudore,

230 2244 330 2278 Jubet
354 2249 387 2278 et
410 2247 548 2280 illudere

278 2293 455 2334 spoliatam
480 2298 578 2338 veste,

227 2341 313 2374 Huic
337 2345 461 2376 amator
485 2344 644 2385 virginum

275 2390 402 2425 Aderat
425 2401 486 2431 pro
512 2394 603 2425 teste.

847 1691 904 1724 lb.
928 1692 992 1723 Per
1017 1700 1110 1731 quam
1136 1692 1277 1731 phalanx
1301 1692 1468 1733 virginalis

927 1738 992 1771 Sub
1020 1739 1136 1772 Christi
1162 1748 1336 1779 repausans
1360 1740 1420 1772 alis

972 1786 1112 1818 Ornatur
1135 1786 1321 1819 laetissima.

841 1850 900 1883 2b.
921 1851 1043 1883 Nolens
1067 1852 1186 1883 mundo
1212 1852 1391 1892 consignari

922 1898 992 1931 Nec
1016 1899 1100 1930 hunc
1122 1898 1216 1931 factis
1240 1900 1370 1939 imitari,

969 1945 1104 1978 Carnem
1139 1947 1290 1979 domabat
1319 1948 1464 1987 petulam

968 1993 1030 2025 Dei
1051 2002 1086 2025 se
1101 1997 1281 2026 monstrans
1298 1993 1462 2028 famulam.

837 2059 894 2093 3b.
920 2059 1052 2093 Juvenis
1074 2061 1254 2101 ingreditur

966 2108 1087 2140 Mentis
1113 2117 1151 2140 ex
1175 2110 1302 2149 ardore,

919 2155 978 2195 Qui
1004 2158 1036 2187 et
1060 2156 1168 2188 statim
1192 2157 1327 2189 moritur

963 2203 1070 2236 Patris
1095 2213 1154 2244 pro
1178 2213 1334 2245 moerore,

918 2251 997 2284 Orat,
1020 2251 1075 2292 pia
1098 2252 1247 2292 precibus

964 2299 1106 2332 Puellari
1128 2309 1228 2341 more,

915 2347 1019 2379 Laeso
1044 2348 1113 2380 vita
1140 2348 1288 2381 redditur

962 2395 1104 2436 Virginis
1129 2396 1260 2429 honore.
