1653 2632
674 135 834 170 —251
894 156 930 159 —

174 227 229 260 7a.
258 228 400 261 Partitus
426 230 588 271 spargitur

255 274 350 308 Feris
376 280 408 308 et
430 277 540 309 avibus

258 323 323 356 Sed
346 333 411 356 non
436 325 628 365 contingitur

255 371 340 404 Ullis
363 380 382 403 a
405 372 563 404 morsibus

301 419 469 451 Protectus
497 420 621 460 aquilis.

256 475 350 508 Omni
374 478 466 516 parte
489 476 666 517 integratur

256 521 388 564 Corpus,
414 523 525 555 tumba
550 524 623 556 dum
641 524 774 564 locatur,

254 569 363 602 Verna
389 571 510 603 Christi
533 571 586 603 hic
610 571 743 612 insignis

254 617 341 649 Petit
367 618 469 658 dignis
494 619 617 657 pollens
642 619 740 659 signis

302 664 392 705 Jugis
417 665 501 705 regis
531 666 626 705 regia.

171 475 227 508 Sa.

171 722 228 754 9a.
257 722 281 754 O
308 720 387 753 felix
414 720 576 763 Cracovia,

252 768 349 808 Cujus
373 769 439 800 late
463 769 566 809 gloria

304 815 503 857 Splendoris,
530 826 622 856 quam
642 817 746 848 incliti

254 873 457 906 Athletarum
484 872 676 914 fulgentibus

251 921 409 953 Felicium
434 920 627 961 cohortibus,

299 968 366 1007 Quo
390 970 503 1008 regnat
527 968 595 999 sine
619 969 752 1008 macula,

299 1015 386 1056 Agni
407 1015 488 1047 nitet
511 1016 652 1047 vernula.

145 873 226 906 10a.

222 1109 305 1136 Miss.
326 1118 379 1137 ms.
402 1109 537 1137 Lucense
557 1110 628 1136 anni
649 1107 731 1137 1483.
754 1109 824 1137 eod.
845 1109 1044 1137 strahoviens.
1066 1117 1088 1136 s.
1110 1109 1176 1144 sign

862 231 1041 272 7b.1gneis
1066 232 1201 272 cingitur

938 280 1009 312 Poli
1033 278 1245 319 lampadibus,

939 326 1051 358 Multis
1079 325 1227 358 fidelibus

939 374 1067 414 Integer
1093 373 1232 405 cernitur

984 420 1111 461 Martyr
1134 419 1299 454 mirabilis.

938 477 1004 510 Dos
1029 478 1139 509 salutis
1163 477 1262 508 multa
1289 476 1393 517 datur,

938 525 1044 566 Aeger
1069 524 1209 565 quisquis
1233 526 1413 563 reparatur,

940 572 1035 604 Hunc
1059 572 1101 603 ad
1125 580 1215 603 usum
1243 570 1381 602 instituti

941 619 1043 657 Caeci,
1072 619 1187 658 claudi,
1210 618 1309 658 surdi,
1334 618 1414 649 muti

987 667 1153 698 Illustrant
1179 665 1372 698 Cracoviam.

938 723 1030 755 Nites
1054 731 1113 763 per
1136 722 1273 763 insignia

939 770 1042 811 Signis
1067 770 1213 802 natalitia

985 817 1062 849 Nati
1086 817 1186 849 sacris
1210 816 1359 856 praediti.

937 875 1014 906 Tuis
1039 877 1149 914 pastor
1173 873 1355 913 precatibus

937 921 1064 954 Felices
1090 930 1160 952 cum
1186 919 1331 952 felicibus

984 969 1067 1001 Pace
1092 967 1235 999 fruamur
1259 967 1371 999 sedula

986 1017 1025 1049 In
1050 1016 1247 1047 saeculorum
1271 1015 1405 1047 saecula.

858 478 915 512 8b.

858 723 915 756 9b.

832 875 915 908 lob.

1179 1129 1184 1134 .
1199 1108 1234 1135 A.
1255 1123 1292 1127 —
1304 1108 1387 1136 Miss.
1401 1117 1454 1136 ms.

148 1145 242 1183 Capit.
265 1146 450 1175 Cracoviens.
471 1145 489 1174 2
510 1148 579 1174 anni
606 1145 688 1175 1433.
708 1148 743 1176 Β.
762 1162 802 1166 -
820 1147 903 1175 Miss.
928 1156 980 1175 ms.
1005 1146 1099 1182 Capit.
1128 1147 1311 1175 Olomueens.
1339 1145 1352 1173 1
1382 1154 1456 1174 saec.

144 1183 189 1212 15.
189 1156 244 1212 P.C
267 1199 301 1203 —
322 1185 405 1212 Miss.
426 1193 479 1212 ms.
501 1184 694 1213 olomucense
714 1194 789 1213 saec.
812 1184 856 1213 15.
879 1185 947 1213 Ood.
967 1185 1039 1213 bibl.
1060 1184 1139 1219 p.ub1
1159 1184 1175 1211 Ι
1194 1184 1209 1212 Ι
1231 1183 1257 1212 6.
1272 1185 1308 1212 D.
1324 1199 1358 1203 —
1374 1185 1456 1212 Miss.

145 1230 198 1249 ms.
220 1222 414 1250 olomucense
434 1231 509 1250 saec.
533 1222 576 1250 15.
599 1223 667 1250 Cod.
688 1223 756 1251 bibl.
776 1224 856 1259 p.ubl
877 1224 893 1251 1
911 1224 927 1251 Ι
946 1221 972 1250 8.
992 1223 1028 1250 Ε.
1050 1237 1085 1242 -—
1109 1220 1160 1253 2a
1182 1220 1199 1249 3
1215 1222 1317 1250 Nobili
1336 1222 1460 1249 fehltA.

144 1275 183 1279 —
203 1260 255 1295 4a,
279 1260 293 1288 1
314 1261 485 1289 verberibus
504 1261 539 1288 A.
560 1276 596 1280 -
617 1259 668 1295 4a,
690 1259 707 1288 2
727 1263 830 1289 matris
850 1262 885 1288 A.
905 1277 943 1281 —
969 1260 1022 1295 4b,
1045 1259 1060 1287 1
1081 1260 1145 1288 Effe
1147 1262 1194 1287 rat
1212 1260 1274 1287 ΑΕ.
1294 1276 1332 1280 -
1358 1259 1411 1294 51),
1442 1258 1458 1287 1

144 1299 238 1326 utitur
256 1299 291 1326 A.

571 1428 631 1460 341.
672 1429 715 1460 De
735 1428 843 1460 sancto
865 1428 1035 1459 Stanislao.

144 1509 200 1542 la.
227 1508 276 1541 Sit
297 1508 456 1548 jucundus
480 1510 566 1540 totus
591 1508 727 1540 mundus

273 1557 359 1589 Voce
383 1556 466 1589 votis
491 1556 621 1596 sedulis,

229 1613 301 1646 Jam
325 1614 358 1645 in
384 1613 481 1645 caelis
506 1616 542 1644 ut
565 1612 670 1645 fidelis

277 1660 364 1693 Coeli
389 1660 490 1693 fretus
516 1661 628 1701 epulis,

229 1717 364 1749 Gentem
387 1717 519 1750 multam
545 1720 577 1749 et
595 1718 748 1749 incultam

273 1764 380 1797 Verbo
406 1765 492 1796 vitae
517 1765 624 1805 coluit,

229 1821 289 1860 Qui
312 1830 452 1853 amaram
473 1822 567 1861 juxta
591 1830 678 1852 aram

274 1868 393 1901 Necem
415 1878 533 1908 parans
553 1869 693 1908 praesuli

145 1927 201 1959 5a.
229 1926 309 1959 Ossa
333 1928 419 1957 tecta
439 1928 514 1958 sunt
541 1926 672 1957 collecta

274 1974 467 2014 Aquilarum
491 1973 608 2012 studio,

224 2021 376 2054 Intimata
397 2022 469 2054 luce
495 2022 571 2053 data

274 2069 483 2101 Excelsorum
507 2069 609 2102 radio.

141 2129 198 2161 6a.
225 2126 354 2166 Martyr
379 2126 507 2166 Christi,
534 2126 588 2166 qui
608 2124 698 2158 fuisti

272 2174 348 2207 Pius
373 2176 484 2214 pastor
509 2174 623 2214 ovium,

142 2234 199 2266 7a.
227 2231 388 2264 Stanislae
411 2230 526 2262 mentis
551 2239 671 2271 pravae

274 2279 393 2313 Procul
417 2279 504 2319 pelle
527 2279 657 2319 saniem,

143 1615 201 1646 2a.

145 1718 200 1751 3a.

144 1823 201 1854 4a.

212 2375 296 2403 Miss.
318 2383 371 2402 ms.
400 2373 493 2410 Capit.
522 2373 706 2402 Olomucens.
729 2373 774 2403 50.

138 2415 301 2443 beatorum.

831 1507 890 1541 ib.
915 1506 1044 1539 Goelum
1069 1506 1188 1547 gaudet
1212 1508 1244 1537 et
1269 1505 1431 1538 collaudet

959 1554 1092 1586 Festum
1112 1554 1194 1586 tanti
1218 1553 1385 1594 praesulis.

831 1612 889 1645 2b.
912 1611 973 1652 Qui
995 1612 1112 1652 ignotis
1138 1613 1169 1642 et
1194 1610 1332 1651 aegrotis

961 1659 1060 1699 Opem
1084 1659 1156 1690 tulit
1182 1658 1317 1698 populis.

832 1717 889 1751 3b.
913 1717 1010 1756 Cujus
1034 1724 1141 1757 regem
1167 1719 1277 1747 contra
1301 1715 1403 1755 legem

959 1764 1145 1796 Facientem
1171 1763 1284 1803 arguit.

831 1821 890 1854 4b.
912 1821 1009 1853 Hunc
1031 1821 1149 1859 divisit,
1175 1819 1318 1852 membra
1342 1820 1430 1851 misit

962 1868 1212 1908 Circumquaque
1235 1867 1361 1907 projici.

833 1926 889 1959 512.
909 1926 1049 1966 Fulgent
1072 1925 1162 1965 signa
1186 1925 1281 1956 laude
1307 1925 1404 1965 digna

958 1973 1128 2006 Praeclaro
1154 1972 1311 2013 prodigio,

916 2021 1114 2060 Consolatur,
1142 2021 1194 2060 qui
1220 2022 1370 2060 gravatur

962 2068 1068 2108 Ipsius
1096 2067 1254 2108 suffragio.

832 2126 889 2161 6b.
914 2125 982 2158 Nos
1006 2125 1139 2157 intende
1164 2127 1196 2156 et
1222 2123 1358 2157 defende

960 2173 1012 2205 Ab
1038 2173 1157 2204 insultu
1180 2173 1328 2205 hostium.

830 2231 889 2265 7b.
912 2231 980 2263 Nos
1006 2230 1173 2272 conducas,
1200 2231 1304 2261 tecum
1332 2231 1428 2263 ducas

959 2279 1014 2311 Ad
1040 2280 1202 2310 aeternam
1226 2278 1376 2318 requiem.

810 2382 885 2403 saec.
908 2372 952 2402 15.
976 2388 1014 2392 -
1033 2372 1102 2401 Mel.
1119 2372 1289 2408 jedenfalls:
1321 2373 1344 2401 O
1365 2374 1453 2402 beata
