1653 2632
700 140 959 176 —244—

612 234 677 266 332.
717 234 760 265 De
780 232 886 264 sancto
908 230 1042 267 Quirino.

176 309 233 342 la.
263 307 418 340 Concordi
439 306 541 346 jubilo
567 305 671 337 cordis
859 301 917 336 lb.
942 301 1156 333 Romanorum
1181 299 1234 339 qui
1259 301 1427 331 stemmate

259 357 291 386 et
316 354 380 386 oris
939 348 1026 389 regio

255 402 424 441 jubilemus
448 400 593 439 Domino,
939 397 1125 435 procreatus
1150 394 1241 425 unice

260 450 326 488 eius
352 451 383 479 et
407 448 545 479 athletae
939 443 1067 483 pietatis
1092 440 1187 473 floret

259 496 397 535 Quirino.
941 490 1090 530 germine.

178 554 234 585 2a.
261 552 285 584 O
311 551 384 582 vitis
410 558 504 581 verae
531 548 704 588 palmitem,
858 547 915 580 ab.
940 547 963 580 Ο
989 546 1073 587 regis
1098 545 1211 577 summi
1236 545 1380 584 militem,

259 598 389 638 spiritus
415 594 608 636 septiformis
940 594 1120 634 stigmatum
1144 592 1301 633 passionis

258 646 383 685 plenum
410 644 522 685 gratia,
939 641 1058 675 Christi
1083 641 1234 681 bajulum,

259 691 439 724 delectabili
463 690 612 731 germine,
937 689 1119 721 innocentia
1144 688 1324 726 candidum,

260 739 401 771 caritatis
938 736 1157 775 rubicundum,

262 785 368 818 fructu
392 784 549 819 floridum.
937 782 1044 815 fructu
1067 782 1224 815 floridum.

178 846 233 877 Sa.
259 842 343 874 Dum
367 842 477 874 mundi
501 841 646 881 principe
858 840 914 874 3b.
937 840 1023 873 Hinc
1047 840 1143 872 armis
1168 838 1245 871 fidei

259 889 392 921 contrito
418 889 457 920 ab
478 888 542 920 Hai
938 887 1076 918 munitus
1097 895 1174 919 vere

260 937 385 969 civitate
411 939 459 967 est
483 936 617 975 adeptus
938 935 1096 974 pretiosus
1120 933 1264 974 agonista

256 984 451 1024 trophaeum,
940 981 1089 1021 Quirinus

259 1032 409 1063 exaltavit
434 1030 569 1069 clipeum
940 1029 1115 1061 Salomonis
1140 1028 1292 1060 lectulum

259 1087 353 1110 verus
378 1078 483 1111 Josue.
939 1076 1038 1108 ambit
1062 1074 1220 1107 floridum.

176 1137 232 1169 4a.
261 1135 403 1167 Caesaris
430 1134 629 1166 ambidexter
859 1133 918 1166 4b.
939 1132 1084 1172 Denique
1105 1133 1266 1172 jugulatus

258 1182 361 1215 fasces
386 1182 558 1213 contemnit
937 1183 1035 1212 noctu
1059 1188 1215 1219 supernae

260 1238 319 1261 nec
343 1229 435 1260 minis
940 1228 1062 1267 potitur

259 1280 314 1308 aut
336 1275 562 1308 blandimentis
585 1274 687 1307 victus
940 1275 1140 1306 haereditate
1163 1274 1253 1314 lucis,

257 1324 418 1355 inimicum
440 1322 526 1362 fidei,
940 1322 1053 1353 haeres
1078 1322 1206 1361 quidem
1230 1320 1372 1360 Domini,

261 1373 430 1411 tyrannum
943 1370 1091 1401 cohaeres

261 1417 409 1449 contrivit
432 1416 608 1449 Claudium.
943 1417 1065 1448 aeterni
1089 1415 1157 1448 filii.

181 1476 234 1508 5a.
262 1475 363 1507 Israel
384 1474 547 1513 adjuratus
860 1474 918 1509 512.
939 1473 1105 1513 Principes
1130 1472 1320 1504 Noricorum

260 1521 424 1554 transtulit
447 1529 552 1552 secum
576 1529 648 1552 ossa
943 1520 1100 1552 celebrem
1124 1520 1208 1551 hunc
1232 1519 1385 1551 athletam

261 1568 427 1601 salvatoris
452 1568 551 1607 typici
941 1568 1043 1600 Roma
1068 1567 1162 1608 digne
1185 1565 1394 1606 transferunt,

259 1616 443 1657 patrociniis
942 1616 1030 1655 pium
1054 1614 1173 1647 Norico

262 1665 327 1703 ejus
352 1663 460 1695 volens
484 1660 617 1702 perfrui.
946 1671 1038 1703 quem
1062 1668 1231 1702 patronum
1255 1660 1435 1693 conferunt.

180 1722 235 1754 6a.
262 1720 341 1760 Ejus
365 1720 481 1751 isthinc
502 1718 640 1750 tumulus
862 1719 920 1753 6b.
945 1719 1048 1762 Caeci,
1075 1719 1163 1762 muti,
1190 1718 1323 1758 debiles,

261 1768 358 1808 signis
382 1767 478 1799 variis
943 1767 1154 1807 energumeni,

260 1814 352 1847 floret
377 1817 407 1845 et
431 1814 603 1853 miraculiS,
944 1814 1042 1854 surdi,
1067 1814 1248 1854 paralytici,

261 1872 334 1894 nam
359 1863 458 1894 omnis
942 1862 1062 1901 leprosi

263 1910 308 1941 ibi
331 1910 463 1950 languor
487 1908 629 1949 pellitur.
942 1910 1019 1941 inde
1044 1909 1114 1941 sani
1138 1909 1282 1942 redeunt.

181 1967 235 1999 7a.
262 1966 346 1998 Laus
372 1974 445 2006 ergo
471 1965 605 1997 celebris
863 1965 921 1998 7b.
942 1966 1028 1998 Laus
1051 1966 1178 1999 Christo
1206 1965 1324 2006 debita,

263 2022 321 2053 pro
345 2014 426 2044 tanti
451 2013 552 2054 gloria
946 2014 1000 2053 qui
1023 2014 1073 2044 sui
1096 2013 1248 2053 martyris

262 2060 412 2100 martyris
434 2068 517 2091 nunc
541 2061 691 2099 personet
942 2061 1057 2092 merita
1077 2059 1243 2101 magnifice

262 2107 301 2139 ab
327 2116 381 2139 ore
946 2108 1111 2139 declarans

264 2154 404 2186 universi
427 2154 547 2193 populi.
941 2156 1045 2195 aegris
1070 2156 1149 2187 mire
1175 2155 1331 2188 subvenit.

601 2212 631 2243 8.
657 2210 743 2242 Laus
768 2210 905 2241 trinitati
928 2213 1063 2251 perenni

658 2258 701 2289 sit
722 2257 756 2288 in
780 2260 952 2292 aeternum.

258 2317 341 2344 Miss.
374 2327 425 2345 ms.
456 2319 634 2354 Tegurinum
661 2325 737 2344 saec.
765 2315 809 2345 15.
840 2317 912 2345 Olm.
942 2319 1111 2348 Monacens.
1144 2318 1252 2349 19560.
1279 2322 1313 2348 A.
1336 2338 1373 2342 —
1409 2323 1494 2350 Miss-

181 2364 233 2383 ms.
258 2355 427 2383 Andecense
447 2364 521 2383 saec.
543 2354 587 2383 15.
610 2355 681 2382 Olm.
700 2355 868 2383 Monacens.
888 2354 975 2384 4002.
997 2358 1030 2384 B.
1051 2374 1089 2378 —
1103 2358 1191 2386 Grad.
1211 2368 1266 2386 ms.
1280 2359 1496 2397 Mosburgense

181 2394 256 2420 anni
278 2390 359 2420 1360.
380 2393 439 2420 Cm.
460 2393 595 2421 Univers.
615 2394 782 2420 Monacens.
804 2391 866 2421 157.
883 2393 913 2421 C.
927 2410 966 2415 —
985 2394 1036 2431 5a,
1058 2394 1076 2422 2
1093 2397 1129 2424 ab
1150 2396 1211 2432 hyn
1223 2395 1271 2432 (ab
1286 2396 1350 2433 hin)
1363 2401 1495 2428 civitatis

182 2431 241 2458 AB.
268 2428 334 2466 Vgl.
355 2430 447 2458 Josue
466 2429 492 2464 8,
514 2430 550 2458 26
571 2431 600 2457 ff.
