1653 2632
170 217 227 249 3a.

170 368 226 400 4a.

172 520 227 551 5a.

173 670 229 701 6a.

172 821 227 853 7a.

173 971 228 1004 8a.

174 1124 230 1156 9a.

176 1465 231 1497 la.

176 1761 231 1792 2a.

178 2104 232 2136 3a.

694 114 952 150 —124—

252 214 372 255 Mente,
396 222 500 253 sensu,
525 212 597 243 nisu
621 214 698 252 toto,
854 210 912 243 31).
934 209 1029 241 Latet
1052 208 1141 247 prius
1165 208 1199 239 in
1225 215 1369 246 caverna,

254 261 367 301 Corde,
394 269 459 300 ore,
485 268 572 299 voce,
599 261 671 291 voto
873 270 876 273 ·
934 255 1050 288 Mundi
1073 255 1196 294 lampas
1222 256 1253 285 et
1276 255 1406 285 lucerna

300 309 341 341 Se
367 308 527 348 conjunxit
551 306 706 344 Domin03
984 303 1101 336 Juncta
1124 303 1198 341 post
1223 301 1425 333 candelabra.

254 367 278 399 O
305 366 389 399 oliva
413 364 552 404 pietatis,
854 359 912 392 412.
936 360 1022 399 Quae
1045 358 1191 397 plantata
1215 365 1305 390 secus
1329 357 1415 389 rivos

254 413 383 446 Guttam
407 412 531 444 stillans
555 407 741 447 honestatis,
935 407 1074 439 Fructus
1099 404 1209 436 reddit
1231 404 1436 444 tempestivos

298 459 463 492 Medicina
486 456 654 497 languidis,
983 452 1112 485 Domini
1135 452 1168 483 in
1193 451 1296 484 vinea.

252 517 339 549 Ecce
362 516 483 555 lignum
508 513 649 545 caritatis
855 511 912 545 5b.
936 511 1034 550 Quem
1060 509 1198 541 delectat
1226 508 1320 548 huJus
1345 506 1479 539 fructus.

252 563 432 602 Liliumque
457 560 623 601 castitatis,
936 558 992 592 Illi
1015 557 1112 597 primi
1135 556 1238 596 patris
1262 556 1365 587 luctus

298 610 375 641 Flos
401 607 610 647 obedientiae,
984 605 1129 637 Vertitur
1151 604 1184 635 in
1208 603 1366 644 gaudium.

255 667 345 698 Haec
369 669 417 697 est
443 666 553 697 domus
579 663 765 703 Salomonis,
856 663 915 697 6b.
939 663 1037 695 Nulla
1062 660 1220 701 frangitur
1245 660 1397 700 procella,

254 715 339 754 Quae
363 713 508 752 supernis
534 710 618 743 freta
644 710 733 743 donis
937 710 1018 751 Quia
1040 709 1113 749 puri
1138 708 1243 740 cordis
1271 708 1352 739 cella

302 759 504 800 Septiformis
529 759 660 799 spiritus
986 757 1111 790 Christo
1135 754 1174 788 fit
1196 755 1378 796 hospitium.

252 818 296 851 Et
321 818 391 858 quis
417 817 505 849 valet
527 823 683 856 promere,
857 813 915 847 7b.
936 813 1039 853 Felix,
1065 813 1203 852 inquam,
1230 812 1344 844 anima,

252 866 352 906 Quam
377 865 420 896 sit
445 864 547 897 dulcis
572 871 678 902 onere,
937 862 1024 901 Quae
1048 860 1095 891 sio
1119 863 1224 900 gustat
1246 859 1359 890 intima

301 913 367 951 Quo
390 914 559 952 portantur
588 910 713 951 omnia;
986 909 1090 940 Verae
1114 907 1193 938 lucis
1219 906 1392 938 commoda.

257 971 281 1003 O
305 970 398 1002 beate
422 968 607 1010 Benedicte,
858 965 914 998 81).
937 964 1052 996 Pastor
1075 963 1159 995 bone
1184 965 1215 994 et
1238 962 1354 1002 fidelis,

253 1018 331 1050 Tuis
351 1016 474 1056 legibus
499 1015 647 1047 addictae
940 1011 999 1050 Qui
1025 1010 1141 1043 cibaris
1166 1019 1249 1042 nuno
1272 1010 1306 1041 in
1332 1009 1427 1041 caelis

303 1065 402 1104 opem
426 1062 476 1095 fer
499 1062 657 1101 familiae3
985 1059 1181 1100 Angelorum
1203 1057 1332 1098 pabulo,

256 1122 451 1154 Assistentes
476 1119 538 1151 tuis
564 1118 655 1151 festis
859 1117 916 1151 9b.
938 1116 983 1149 Et
1004 1116 1123 1147 solutos
1148 1116 1209 1147 hac
1234 1123 1331 1146 arena

255 1169 459 1202 Hierusalem
483 1166 535 1199 fao
560 1167 704 1198 coelestis
940 1163 1087 1196 Paradisi
1111 1163 1154 1195 ad
1178 1171 1310 1194 amoena

302 1217 523 1255 Frequentare
543 1214 687 1253 sabbata,
988 1211 1055 1243 Nos
1080 1209 1257 1242 transferre
1281 1212 1399 1250 satage.

250 1282 337 1311 Grad.
358 1290 409 1309 ms.
427 1281 590 1308 Lubioense
611 1288 634 1307 s.
658 1281 733 1316 sign.
755 1286 824 1306 saee
853 1276 899 1305 14.
921 1291 956 1295 —
977 1276 1029 1311 711,
1050 1274 1069 1303 2
1088 1278 1267 1312 praegustat.

613 1390 668 1422 161.
707 1390 752 1422 De
770 1390 878 1421 saneto
899 1389 1048 1429 Benigno.

259 1462 451 1496 Collaetetur
618 1501 621 1504 Ι
858 1460 916 1493 11).
937 1458 1165 1492 Laetabundus

351 1509 457 1543 fidelis
484 1510 602 1549 concio,
1033 1506 1171 1539 exsultet
1191 1505 1297 1545 Divio,

257 1559 340 1591 Nam
365 1559 508 1590 reclusae
940 1554 1023 1586 Nam
1047 1554 1182 1594 Benigni

351 1606 510 1646 quondam
534 1604 591 1636 sub
617 1604 723 1636 modio
1036 1600 1115 1634 felix
1140 1601 1247 1641 opinio

305 1653 439 1694 Benigni
463 1652 617 1692 reliquiae
990 1648 1098 1682 Crevit
1120 1647 1297 1680 multifarie

304 1702 505 1733 Venerantur
528 1700 634 1732 hodie.
986 1698 1050 1730 Per
1074 1700 1183 1737 partes
1208 1695 1424 1737 Burgundiae.

256 1759 353 1790 Venit
376 1758 442 1790 dies
860 1754 917 1788 21).
940 1755 1031 1787 Τ11110
1054 1754 1233 1794 praecisum

305 1810 337 1838 et
361 1809 486 1845 tempus
511 1803 624 1845 adfuit,
989 1803 1109 1842 lignum
1135 1810 1224 1841 spem
1247 1801 1368 1844 habuit,

258 1855 324 1894 Quo
348 1854 402 1885 1110
425 1856 552 1885 sanetus
944 1850 1072 1883 Comam
1096 1848 1175 1881 fecit

305 1905 341 1933 ut
364 1902 413 1933 sol
436 1900 645 1941 resplenduit,
992 1901 1023 1929 et
1045 1907 1172 1930 rursum
1195 1895 1312 1929 floruit.

260 1950 320 1989 Qui
344 1949 533 1990 quandoque
942 1945 1026 1977 Dum
1051 1945 1189 1985 aegrotis

305 2006 393 2028 suam
417 1996 549 2028 retinuit
991 1993 1099 2024 multis
1125 1991 1265 2023 restituit

356 2044 551 2077 Claritatem.
1038 2039 1223 2072 Sanitatem.

257 2102 455 2142 Poly-carpus
862 2097 919 2131 3b.
942 2097 1027 2129 Dum
1049 2096 1111 2128 hoc
1135 2097 1201 2137 agit

310 2150 350 2181 de
375 2149 461 2181 coelo
486 2147 623 2180 monitus
990 2146 1113 2184 martyr
1137 2143 1303 2181 sollicitus,

258 2196 442 2229 Destinavit
946 2193 1119 2225 Catenatur

308 2246 391 2276 huno
414 2244 469 2275 1110
492 2242 674 2282 antiquitus,
993 2239 1128 2279 ducique
1151 2237 1288 2269 traditus

259 2291 305 2324 Ut
330 2292 484 2323 culturam
943 2287 1176 2320 Blandimentis

310 2339 437 2371 deserat
460 2338 587 2378 penitus
991 2335 1138 2375 pulsatur
1161 2331 1308 2372 primitus

355 2386 528 2418 Idolorum.
1039 2381 1281 2414 Promissorum.
