1653 2632
712 81 968 117 —142—

198 174 255 205 5a.
281 172 344 211 EJa
367 173 478 205 intona
882 177 939 211 5b.
964 177 1139 222 Commissa
1164 180 1215 210 cui

274 228 368 259 nunc,
381 219 556 252 Galliarum
566 221 658 261 plebs
670 222 818 262 candida,
963 233 996 256 es
1021 225 1055 256 in
1078 227 1165 257 sorte
1189 227 1375 268 apostolica,

276 266 489 301 Celeberrima
961 271 1021 311 Qui
1045 272 1101 311 pia
1125 270 1208 306 ferat

276 313 431 354 Dionysii,
458 315 595 347 Macarii
960 318 1081 357 jugiter
1105 318 1166 350 tibi
1190 318 1351 361 suffragia,

277 361 372 401 digne
396 362 565 394 recolendo
589 363 752 403 trophaea.
963 366 1078 396 missus
1105 365 1167 397 huc
1194 366 1235 397 de
1250 369 1344 406 gente
1362 368 1506 408 Pelasga.

196 418 253 449 6a.
282 418 306 450 O
332 421 450 457 quanta
473 421 702 451 tormentorum
880 420 938 453 6b.
962 420 1045 452 Nam
1070 419 1214 454 flammas
1241 425 1271 454 et
1295 421 1424 464 flagella

277 473 390 504 passus
415 474 532 505 genera
962 476 1139 508 saevasque
1164 468 1260 510 feras,

277 520 336 550 pro
362 511 481 543 Christi
962 516 1101 547 carceris

276 558 399 589 exstitit
423 559 536 598 gloria.
961 563 1055 594 simul
1080 564 1153 595 tulit
1178 566 1280 596 antra.

197 615 242 646 7a
278 613 342 646 Sed
366 623 458 646 sacra
880 618 938 652 7b.
962 619 1007 651 Et
1029 622 1142 652 saneta

273 661 342 692 illic
365 660 468 694 infula
959 676 1055 698 manu
1079 668 1209 707 placida

277 708 352 739 dum
377 709 518 742 celebrat
959 713 1067 746 ferens
1093 715 1170 755 liba,

271 755 430 795 Mysten'a
958 762 1087 794 Firmat
1109 763 1177 802 ejus

272 804 399 842 praesul
420 805 514 843 alma,
958 809 1114 850 agoniam,

268 850 287 883 J
291 858 360 882 esus
385 851 494 884 adstat
957 856 1187 896 Exspectatam

275 899 402 929 caterva
957 904 1149 943 promittens

273 947 382 984 septus
408 946 551 986 angelica
960 952 1121 983 coelorum
1146 953 1294 992 patriam.

189 1001 246 1033 Sa.
272 1001 344 1033 Hac
366 1006 519 1043 percepta
875 1007 934 1040 8b.
957 1007 1062 1040 Infert
1088 1010 1174 1041 coelo

270 1057 348 1080 voce
374 1050 482 1082 divina
960 1056 1084 1088 cervice
1109 1065 1204 1089 caesa

271 1104 361 1127 sacer
386 1097 507 1130 athleta
958 1103 1101 1143 gaudens
1127 1105 1274 1138 animam.

191 1152 246 1185 9a.
273 1154 446 1184 Aeternam
875 1158 932 1191 9b.
955 1159 1113 1192 Remittat

272 1199 416 1232 Christus
441 1200 487 1232 ibi
516 1201 595 1234 dans
958 1210 1067 1239 errata
1091 1209 1159 1248 ers

269 1247 318 1278 illi
341 1247 475 1287 gloriam
955 1263 1052 1293 prece
1076 1255 1217 1298 benigna

616 1307 669 1340 10.
697 1308 819 1341 Cuncta
843 1318 902 1349 per
928 1312 1066 1346 saecula.

261 1364 313 1391 Tr(
321 1373 348 1400 p.
369 1373 422 1392 ms.
443 1365 728 1403 Sammaglorianum
747 1377 823 1397 saec.
848 1369 882 1398 11
905 1374 934 1398 et
955 1369 1000 1399 12.
1016 1369 1085 1400 Cod.
1099 1373 1260 1402 Parisiens.
1284 1373 1392 1404 13252.
1408 1376 1441 1404 A.
1463 1392 1501 1397 -

183 1401 272 1437 Trwp.
300 1411 352 1429 ms.
379 1402 409 1430 S.
435 1403 582 1440 Ebrulphi
606 1414 681 1433 saec.
709 1405 753 1433 12.
780 1407 850 1435 Cod.
876 1408 1037 1437 Parisiens.
1063 1409 1171 1440 10508.
1193 1413 1226 1440 Β.
1247 1427 1285 1432 -—
1305 1414 1422 1442 Prosar.
1447 1424 1499 1443 ms.

182 1438 380 1467 Laudunense
393 1449 468 1468 saec.
485 1440 529 1469 12.
551 1441 619 1470 Cod.
633 1444 821 1473 Laudunens.
836 1444 902 1474 263.
915 1447 950 1474 Ε.
971 1462 1009 1466 -
1031 1449 1115 1477 Miss.
1129 1459 1183 1477 ms.
1197 1451 1345 1480 Beccense
1364 1461 1442 1480 saec.
1453 1451 1498 1481 13.

184 1475 253 1504 Cod.
281 1478 440 1506 Parisiens.
469 1478 551 1508 1105.
580 1481 611 1508 Ο.
638 1497 676 1501 -
695 1483 778 1511 Miss.
806 1493 859 1512 ms.
883 1484 951 1512 Ord.
978 1494 1017 1513 ss.
1037 1488 1194 1516 Trinitatis
1222 1491 1293 1517 anni
1324 1489 1406 1519 1510.
1427 1491 1498 1519 God.

181 1514 323 1542 Mazarin.
353 1514 410 1544 430
423 1515 487 1545 233.
514 1519 551 1545 D.
578 1532 617 1537 -—
643 1519 699 1554 4a,
727 1518 745 1547 2
774 1525 894 1550 resonat
920 1523 958 1557 C;
989 1528 1107 1553 resonet
1131 1526 1166 1553 A.
1192 1543 1230 1547 ——
1258 1526 1318 1563 412,
1346 1526 1365 1555 2
1390 1532 1497 1566 captat.

183 1551 214 1579 C.
236 1568 272 1572 —
293 1553 349 1589 5a,
373 1553 386 1581 1
415 1556 519 1583 intima
539 1556 571 1584 C.
595 1571 627 1576 —
652 1555 710 1593 81³,
734 1557 746 1586 1
775 1560 850 1588 infer
869 1561 903 1588 B.
924 1575 962 1580 —
984 1560 1044 1597 8b,
1066 1561 1084 1590 3
1104 1564 1266 1600 gaudenter
1288 1566 1318 1593 O.
1341 1581 1376 1585 —
1398 1566 1457 1602 91),
1479 1566 1497 1595 2

181 1598 330 1618 servorum
351 1595 454 1628 errata,
476 1596 598 1623 ersteres
619 1596 800 1633 iiberztihlig.

604 1668 663 1700 187.
702 1670 747 1701 De
767 1672 878 1702 sancta
899 1671 1067 1703 Dorothea.

184 1720 238 1752 la.
265 1720 381 1753 Mundi
406 1723 506 1754 omnis
531 1724 634 1763 gloria
866 1727 924 1760 lb.
948 1728 1035 1768 Quae
1061 1738 1132 1760 cum
1157 1732 1281 1770 sprevit
1304 1733 1462 1766 idolorum

263 1768 352 1809 Fert,
376 1769 445 1801 laus
472 1773 503 1802 et
527 1771 663 1805 victoria
949 1776 1124 1818 Culturam‚
1147 1778 1356 1819 malignorum

261 1816 351 1848 Patri
376 1817 418 1848 sit
442 1820 475 1849 et
496 1817 574 1860 filio,
948 1823 1104 1857 Traditur
1128 1827 1291 1866 potentiae

260 1863 444 1896 Pneumatis
470 1866 524 1905 qui
548 1866 617 1899 lilio
945 1871 1021 1903 Ovis
1046 1872 1127 1904 haec
1153 1874 1350 1916 clementiae,

260 1910 469 1944 Obumbravit
491 1914 657 1946 vernulam
945 1918 1041 1950 Unde
1065 1928 1168 1959 prave
1193 1922 1349 1964 caeditur,

258 1957 362 2001 Fidei,
389 1959 595 2000 Dorotheam,
944 1964 1053 2008 Fame,
1081 1967 1136 1999 siti
1161 1968 1312 2010 laeditur,

260 2005 318 2037 Pie
343 2015 381 2037 ac
405 2008 615 2041 sanctissime.
943 2011 1008 2045 Sed
1033 2012 1140 2046 ferens
1164 2015 1341 2051 mitissime.

175 2060 233 2094 2a.
254 2062 439 2094 Fabricium
466 2064 645 2104 despiciens
860 2067 918 2101 2b.
942 2067 1085 2110 Sorores,
1112 2080 1190 2111 quas
1215 2078 1416 2112 perverterat

258 2109 418 2141 Christum
442 2111 500 2143 sed
523 2112 678 2152 allicienS‚
942 2115 1066 2157 Hostis,
1092 2118 1151 2152 has
1177 2125 1381 2155 converterat

254 2155 353 2193 Quem
380 2160 563 2190 constanter
588 2159 714 2198 docuit;
941 2162 1038 2205 Regis
1063 2164 1098 2197 in
1122 2168 1296 2209 praetorio,

254 2201 347 2235 Licet
371 2205 438 2244 eJus
463 2206 572 2238 nocuit
936 2209 1000 2241 Dei
1023 2212 1184 2251 adjutorio

256 2248 388 2290 Corpori
412 2253 588 2293 suppliciis,
940 2256 994 2289 Sic
1016 2267 1126 2291 mense
1149 2261 1327 2295 Februario

253 2297 303 2327 Ac
328 2298 462 2330 diversis
487 2300 585 2340 vitiis,
938 2304 1040 2337 Rosas
1066 2306 1099 2338 in
1127 2309 1233 2341 orario

257 2344 411 2376 Constans
435 2349 541 2378 tamen
564 2346 640 2381 filia.
938 2350 1071 2385 Scribae
1095 2353 1160 2386 fert
1185 2358 1216 2387 et
1239 2356 1319 2389 lilia.

723 2445 829 2500 mm.
853 2440 896 2472 OF
915 2441 1104 2531 ffl—{QlAk—qu

1107 2527 1136 2553 α’

661 2475 780 2632 eff:

635 2527 680 2584 ,J
780 2544 829 2568 ΒΤ.
855 2548 1034 2576 Minu-meus
1089 2548 1158 2607 >ἓ

638 2589 672 2613 2
815 2601 869 2607 ...η
