1653 2632
697 126 740 131 -
791 108 958 142 232—

177 202 235 235 6a.
259 201 311 233 Ex
335 204 388 233 tuo
411 203 531 234 tumulo
860 202 919 236 6b.
944 203 1007 235 Per
1036 205 1078 243 te,
1105 204 1314 243 sanctissime,

302 248 411 280 Oleum
438 248 557 288 defluit,
991 250 1135 282 Christus
1161 251 1332 283 altissimus

255 295 344 333 Quod
371 305 389 327 a
413 297 555 335 periculo
938 296 1005 328 Nos
1032 296 1216 329 felicissime

301 342 469 375 Morbidos
495 344 575 374 eruit
987 344 1092 376 Ducat.
1113 345 1285 378 altissimus

349 389 474 421 Virtute
501 399 625 430 supera.
1031 392 1084 423 Ad
1105 393 1198 424 .coeli
1222 394 1338 427 sidera.

245 453 366 489 Antiph.
387 462 438 481 ms.
454 454 659 482 Confi·aternit.
677 453 706 481 S.
722 454 840 482 Nicolai
861 455 898 482 ad
918 458 1084 492 sprevarios
1099 466 1175 485 saec.
1191 457 1234 486 15.
1252 459 1321 487 Cod.
1340 460 1483 489 Mazarin.

170 488 236 518 464.
256 489 339 525 (261).
362 491 447 519 Mel.:
468 492 561 519 Mittit
581 492 618 519 ad
637 493 790 527 virg-inem.

596 563 656 595 314.
695 564 739 596 De
759 565 866 596 sancto
889 563 1041 598 oswaldo.

170 623 225 655 Ia.
251 622 323 654 Hac
347 624 513 662 praeclara
539 624 591 655 die
615 623 689 656 festi
855 626 912 660 1b.
934 627 1028 660 Almo
1054 629 1122 669 regi
1143 638 1252 670 regum
1277 634 1352 663 vota

251 669 389 701 Plaudat
413 670 512 702 omnis
538 671 629 710 plebs
655 672 783 704 coelesti
936 675 1151 708 Persolvendo
1176 680 1282 709 mente
1305 681 1373 710 tota

298 716 421 748 Fruens
453 718 622 758 desiderio,
982 722 1110 755 Laudes
1137 732 1206 756 cum
1230 726 1382 765 tripudio.

168 773 224 806 2a.
251 773 430 812 Imperator
455 774 666 814 triumphalis,
851 777 911 810 ab.
933 778 1000 810 Nos
1024 782 1061 811 ut
1084 780 1187 812 salvet
1209 791 1228 813 a
1251 783 1409 824 malignis,

251 819 308 851 Cui
332 821 437 852 nullus
465 824 513 852 cst
537 822 688 862 aequalis,
932 825 1035 866 Reges
1061 827 1159 867 dedit,
1182 832 1219 860 ut
1242 829 1384 870 benignis

299 866 386 899 Coeli
410 868 524 900 sedens
551 869 639 909 solio,
981 874 1039 905 Pia
1062 874 1105 905 sit
1127 876 1293 914 protectio.

165 924 223 956 3a.
250 923 345 963 Regit
370 924 479 955 orbem
503 934 559 956 rex
586 927 743 958 coelorum
849 927 906 961 ab.
931 930 1021 961 Inter
1046 939 1123 970 quos
1148 933 1310 971 regnando
1335 932 1418 965 fidus

247 970 365 1010 Regum
391 975 517 1011 sceptro
543 975 740 1005 terrenorum
931 976 1002 1008 Rex
1028 977 1191 1010 Oswaldus
1217 980 1302 1011 velut
1325 981 1414 1013 sidus

292 1017 408 1050 Mundi
436 1018 602 1062 maleficio,
978 1024 1071 1056 Vitae
1094 1025 1176 1056 nitet
1199 1027 1301 1059 radio.

163 1074 221 1106 4a.
251 1073 345 1113 Cujus
370 1075 460 1115 larga
487 1076 599 1108 dextra
623 1077 709 1108 laeta
846 1079 905 1112 4b.
929 1080 988 1112 Ille
1013 1083 1101 1113 stans
1125 1082 1159 1113 in
1183 1081 1248 1114 fide
1275 1083 1394 1116 Christi

244 1121 344 1153 Dedit
369 1122 486 1161 datque
506 1123 574 1154 sine
597 1126 683 1155 meta
927 1127 1109 1161 Dissolutus
1135 1138 1231 1161 carne
1251 1131 1337 1162 tristi

292 1168 376 1207 Opes
403 1178 473 1200 cum
497 1169 664 1211 suffragio;
979 1174 1154 1207 Coronatur
1178 1177 1303 1216 gaudio.

160 1223 217 1258 ἔα.
245 1224 354 1256 Salvet
377 1234 434 1256 nos
459 1226 512 1257 hic
536 1236 592 1258 sua
616 1236 722 1266 prece,
845 1230 902 1263 512.
929 1231 973 1263 Ut
997 1234 1071 1271 post
1093 1232 1186 1272 huJ'us
1211 1232 1307 1265 finem
1332 1235 1417 1267 vitae

243 1271 288 1303 Ut
312 1272 352 1303 ab
378 1273 462 1303 omni
489 1273 601 1313 culpae
628 1273 714 1305 faece
926 1278 1027 1309 Nobis
1051 1279 1135 1311 dicat
1161 1288 1236 1312 rex:
1265 1281 1387 1325 Venite,

287 1318 483 1350 Mundemur
507 1322 539 1350 et
562 1320 650 1359 vitio,
974 1324 1107 1357 Salvans
1127 1336 1147 1358 a
1171 1328 1339 1368 supplicio.

235 1374 318 1401 Miss.
339 1383 391 1400 ηις.
412 1374 556 1410 Plagense
576 1384 599 1403 s.
621 1377 695 1412 wig-n.
716 1385 791 1404 saec.
814 1376 858 1406 15.

608 1449 667 1480 315.
707 1450 751 1481 De
771 1452 877 1483 sancto
900 1452 1019 1484 Ottone.

159 1505 215 1538 la.
245 1505 424 1547 Gratulare,
450 1516 567 1546 sponsa
593 1507 720 1550 Christi,
844 1512 901 1544 1b.
924 1513 963 1545 In
989 1523 1048 1553 quo
1073 1518 1166 1553 pater
1191 1516 1347 1556 gloriatur

241 1552 326 1591 Quae
353 1562 412 1592 per
435 1553 531 1585 fidem
554 1556 690 1595 genuisti
924 1559 968 1591 Et
992 1561 1126 1593 virtutes
1151 1567 1311 1604 operatur,

286 1600 398 1632 Virum
422 1601 503 1632 tanti
527 1603 672 1643 nominis,
973 1607 1095 1644 Gaude,
1119 1613 1222 1641 mater
1245 1611 1372 1643 nobilis.

158 1658 216 1689 2a.
243 1657 317 1688 Vita
343 1657 430 1696 cujus
455 1660 487 1688 et
512 1658 658 1691 doctrina
843 1662 900 1694 2b.
924 1664 987 1696 Per
1010 1666 1043 1695 te
1065 1663 1179 1707 flagrat
1204 1666 1282 1698 haec
1305 1668 1436 1702 lucerna

239 1704 334 1743 Quasi
359 1704 454 1736 stella
477 1706 634 1738 matutina
923 1711 1085 1743 Praebens
1109 1713 1173 1744 iter
1197 1714 1240 1746 ad
1266 1724 1414 1757 superna,

284 1751 387 1783 Lucet
410 1751 444 1783 in
468 1755 667 1794 perpetuum,
967 1758 1055 1790 Deus
1081 1761 1286 1796 exercituum.

155 1810 211 1842 3a.
238 1808 312 1840 Non
331 1809 364 1840 in
388 1817 465 1840 vase
488 1818 548 1841 nec
572 1811 629 1842 sub
654 1813 737 1845 lecto
841 1814 898 1848 3b.
924 1815 1077 1848 Claritate
1101 1817 1264 1859 rutilabat,

237 1855 425 1896 Constituta,
452 1857 509 1888 sed
533 1857 567 1889 in
591 1860 675 1891 tecto
921 1862 1067 1895 Veritate
1091 1863 1281 1898 fulminabat

283 1903 416 1935 Praesul
440 1905 560 1943 sparsit
583 1906 700 1950 radios,
969 1910 1107 1942 Terrens
1132 1913 1361 1957 adversarium.

152 1960 208 1992 4a.
235 1959 408 1991 Pastoralis
435 1960 516 1993 dono
544 1970 638 1994 curae
838 1964 895 1997 4b.
921 1966 1011 1998 Sacri
1033 1967 1125 1999 verbi
1149 1969 1337 2002 rudimentis

234 2006 446 2047 Dispensator
470 2007 506 2040 fit
530 2017 696 2044 mensurae
918 2013 1023 2045 Pollet
1046 2015 1273 2048 Pommeranae
1296 2018 1398 2057 gentis

280 2054 395 2086 Tritici
423 2054 605 2097 benevolus,
966 2060 1087 2093 Doctor
1112 2065 1144 2093 et
1167 2064 1341 2103 apostolus.

151 2111 208 2143 5a.
234 2111 322 2142 Auro
348 2109 426 2143 fecit
451 2112 600 2153 effulgere
836 2115 894 2148 5b.
916 2116 1001 2148 Dum
1028 2120 1185 2151 convertit
1209 2120 1248 2152 ab
1275 2129 1383 2153 errore

233 2157 316 2189 Vasa
341 2159 462 2202 templi,
490 2169 571 2199 quae
595 2160 685 2193 fuere
917 2164 1141 2198 Pommeranos
1166 2169 1198 2198 et
1221 2169 1368 2207 squalore

279 2205 364 2237 Vasa
389 2208 605 2248 contumeliae,
967 2211 1103 2244 Gentilis
1127 2213 1291 2253 perfidiae.

152 2261 209 2294 6a.
237 2261 309 2293 Otto
331 2263 473 2301 prudens
499 2266 531 2295 et
555 2263 671 2306 fidelis,
836 2265 893 2300 6b.
914 2267 979 2299 Ubi
1003 2267 1112 2301 fruens
1138 2271 1295 2305 coelibatu

230 2307 441 2347 Dispensator
465 2311 518 2350 qui
539 2312 573 2342 in
600 2312 694 2343 caelis
916 2314 983 2346 Nos
1007 2316 1154 2349 absolvas
1178 2327 1200 2349 a
1221 2320 1313 2349 reatu

282 2355 375 2388 Certo
400 2357 519 2396 gaudes
545 2359 645 2401 titulo,
964 2362 1080 2394 Mortis
1107 2367 1140 2396 et
1162 2365 1315 2404 periculo.
