1653 2632
235 220 290 251 5a.
318 221 395 253 Post
417 222 478 255 hoc
502 225 611 258 volens
637 236 730 268 agere

316 267 361 300 Et
387 269 536 304 decenter
560 274 696 307 reddere

316 316 416 349 Idolis
440 321 635 364 mysterium,

312 364 387 396 Voti
406 367 606 410 sacrificium,

362 411 441 445 Viae
465 423 499 446 se
523 416 656 457 subegit.

231 466 286 499 6a.
315 467 413 501 Jubet
439 479 512 511 ergo
537 472 626 512 virgo
651 478 750 517 grata,

312 514 414 548 Recta
437 516 503 550 fide
523 519 671 560 solidata,

360 563 472 596 Turris
497 565 531 597 in
555 568 716 600 cacumine

229 618 284 649 7a.
311 619 409 652 Pater
433 622 500 661 ejus
526 623 632 663 rediit,

309 666 413 706 Hujus
439 669 485 700 rei
509 670 603 709 petiit

357 715 492 747 Causam
518 717 692 757 explicari;

225 769 283 802 8a.
309 769 395 811 Ergo
420 775 513 811 pater
535 775 642 807 taedio

307 817 424 850 Tactus
450 829 523 853 mox
548 821 631 854 hanc
655 824 762 864 gladio

355 865 450 906 Cupit
473 868 615 912 interire,

223 921 278 953 9a.
301 920 548 957 Demonstratur
571 935 591 957 a
614 930 755 969 pastore,

303 968 475 1009 Reperitur
497 973 650 1013 genitore,

352 1017 535 1051 Occidenda
561 1021 703 1062 ducitur3

195 1070 275 1103 lOa.
303 1073 328 1105 O
354 1077 477 1107 amator
500 1077 578 1109 Jesu
604 1086 686 1120 care,

303 1120 467 1154 Consolari
492 1123 549 1155 hos
577 1124 708 1165 dignare

349 1169 486 1209 Propter
511 1173 596 1203 tuam
621 1174 763 1217 gloriam,

195 1222 236 1255 11
247 1233 276 1257 a.
301 1225 404 1257 Audit
427 1236 500 1258 mox
524 1236 558 1259 se
583 1228 780 1269 impetrasse,

297 1273 401 1304 Audit
425 1277 538 1306 cuncta
564 1284 795 1310 consummasse

344 1320 407 1352 Per
431 1322 597 1354 coelestem
622 1324 769 1357 sonitum.

190 1373 268 1406 12a.
296 1374 383 1416 Ergo
407 1386 464 1409 nos
490 1378 542 1410 hic
566 1381 599 1411 te
625 1380 791 1414 laudantes

294 1422 367 1455 Tibi
394 1424 520 1457 demum
544 1425 597 1459 fac
621 1428 796 1470 adstantes,

340 1471 468 1512 Martyr
493 1473 612 1506 Christi
636 1475 790 1515 Barbara,

828 134 894 170 117
943 156 992 161 —

920 232 978 265 51).
1000 233 1079 266 Mox
1102 235 1186 268 hane
1209 240 1336 269 sanctus
1361 238 1492 278 spiritus

998 281 1122 314 Adiens
1148 283 1298 316 divinitus

1001 327 1062 360 Suo
1090 329 1175 361 dulci
1202 331 1348 371 dogmate

998 375 1112 408 Lotam
1137 378 1217 409 olam
1243 378 1433 418 baptismate

1046 423 1113 455 Sibi
1137 426 1321 466 praeelegit.

917 478 974 512 6b.
996 479 1223 513 Fenestrarum
1249 485 1286 514 ut
1308 485 1469 516 structura

997 527 1096 559 Tn'na
1119 527 1176 560 fiat
1199 529 1258 561 sub
1281 529 1382 571 figura

1044 574 1211 608 Trinitatis
1235 578 1371 611 nomine.

915 629 972 662 71).
996 631 1129 663 Trinum
1153 632 1255 665 Deum
1281 635 1384 667 colere

995 677 1058 710 Sed
1083 679 1116 710 in
1139 690 1236 712 unum
1261 683 1401 715 credere.

1040 725 1128 767 Fert,
1155 727 1188 759 in
1212 728 1272 761 hoe
1295 730 1424 770 signari.

911 781 968 814 81).
991 781 1087 822 Fugit
1110 783 1167 815 illa
1193 785 1282 817 citius

991 829 1110 861 Montis
1135 834 1260 863 antrum
1285 834 1383 865 artius

1038 877 1210 917 Temptans
1234 881 1377 913 introire.

909 931 967 966 9b.
988 932 1084 965 Ensis
1107 934 1205 966 ictum
1230 938 1446 978 comminatur,

989 980 1087 1021 Virgo
1111 983 1249 1021 palmam
1274 985 1497 1023 praestolatur,

1036 1028 1113 1060 Mox
1137 1030 1179 1061 ad
1205 1031 1325 1062 coelum
1349 1033 1496 1064 mittitur.

883 1082 962 1115 101).
987 1083 1266 1126 Quantumcunque
1290 1090 1449 1128 angustati

985 1131 1053 1162 Mei
1079 1132 1153 1164 dum
1177 1137 1251 1165 sunt
1275 1136 1330 1175 qui
1352 1137 1458 1175 parati

1030 1179 1137 1219 Agere
1159 1183 1352 1214 memoriam.

879 1233 958 1266 1111.
980 1234 1083 1266 Audit
1106 1235 1175 1268 fore
1199 1246 1234 1269 se
1259 1242 1400 1278 optatam

981 1281 1025 1313 Et
1050 1291 1070 1313 a
1095 1283 1221 1316 Christo
1246 1286 1411 1319 invitatam

1029 1328 1116 1361 Coeli
1140 1331 1182 1363 ad
1206 1332 1379 1365 introitum.

876 1384 919 1417 12
928 1384 958 1419 b.
981 1385 1083 1417 Deum
1107 1387 1199 1419 nobis
1223 1387 1276 1420 fac
1298 1390 1471 1429 placatum,

979 1433 1132 1465 Nostrum
1155 1438 1260 1476 tergat
1283 1440 1320 1468 ut
1347 1441 1480 1478 reatum,

1024 1480 1075 1512 Ne
1098 1491 1155 1514 nos
1179 1487 1324 1524 mergant
1348 1488 1479 1518 tartara.

260 1534 343 1562 Miss.
366 1535 535 1566 Cremsense
555 1547 630 1567 saec.
647 1539 691 1568 15.
713 1541 781 1569 Cod.
795 1543 935 1579 Pragens.
949 1544 1009 1573 XII
1022 1546 1056 1573 B.
1071 1544 1106 1574 13
1118 1548 1154 1574 A.
1174 1562 1212 1566 —
1230 1549 1306 1576 Miss
1326 1559 1379 1578 ms.
1403 1550 1497 1587 Capit.

184 1570 369 1618 Olomueens.
397 1572 452 1603 355
478 1584 555 1604 saec.
585 1576 628 1605 15.
655 1580 688 1606 B.
715 1594 753 1598 -
778 1581 862 1608 Miss.
891 1591 944 1609 ms.
972 1587 1001 1611 S.
1024 1584 1131 1612 Jacobi
1149 1586 1292 1615 Braneus.
1315 1585 1332 1615 6
1353 1597 1429 1616 saec.
1452 1589 1496 1617 15.

613 1803 669 1835 151.
710 1805 752 1836 De
773 1807 884 1838 sancta
906 1807 1057 1840 Barbara.

180 1868 236 1900 la.
265 1869 446 1908 consolare,
471 1873 588 1905 munde
611 1875 723 1915 tristis,

263 1915 340 1948 Cum
365 1919 409 1950 sis
433 1920 612 1952 illustratus
638 1922 707 1954 istis

307 1965 472 1999 Barbarae
496 1967 663 2009 suffragiis,

176 2023 232 2055 Za.
259 2021 340 2054 Jura
365 2027 495 2065 stupent
517 2026 550 2058 in
576 2029 699 2067 natura,

257 2069 348 2109 Quod
373 2075 508 2112 paterna
531 2074 565 2106 in
589 2073 689 2115 figura

304 2119 424 2152 Latent
447 2124 496 2153 tot
520 2122 711 2163 opprobria3

173 2176 229 2209 3a.
256 2175 398 2216 Sponsus
425 2179 454 2210 ei
477 2179 656 2220 pollicetur,

254 2224 304 2256 Ne
329 2226 477 2259 voluntas
502 2227 658 2260 excitetur

301 2273 440 2307 Vivendi
464 2275 498 2307 111
523 2276 659 2316 saeculo,

168 2330 225 2362 4a.
252 2330 368 2364 Pastor
391 2341 526 2373 pascens
552 2342 647 2380 grege
671 2343 755 2370 oves,

251 2380 350 2419 Quam
367 2383 413 2422 tu,
436 2381 534 2420 Deus,
553 2383 680 2422 semper
695 2381 794 2424 foves,

297 2429 390 2461 Hanc
414 2430 559 2470 prodidit
584 2430 700 2470 indice,

866 1878 926 1911 11).
948 1879 1044 1920 Quae,
1070 1880 1145 1912 dum
1161 1883 1266 1914 saeclo
1285 1887 1387 1915 exstat
1405 1889 1489 1926 nata,

949 1926 1074 1960 Christo
1099 1937 1225 1969 semper
1250 1929 1311 1962 fuit
1333 1935 1424 1971 grata

996 1975 1124 2008 Cunctis
1149 1976 1321 2011 beneficiis.

863 2030 921 2064 2b.
943 2031 1082 2064 Paterna
1108 2033 1182 2065 dum
1208 2034 1285 2067 furit
1309 2036 1367 2079 ira,

945 2079 1166 2114 Commovetur
1189 2082 1392 2122 praefectura

989 2128 1135 2160 Barbara
1157 2130 1191 2161 in
1216 2129 1292 2164 filia.

859 2183 916 2217 3b.
939 2183 1038 2226 Fugit
1061 2186 1160 2226 prius,
1187 2196 1228 2219 ne
1251 2192 1382 2222 vocetur

940 2231 1009 2264 Nec
1032 2242 1095 2265 non
1120 2235 1189 2267 viro
1213 2237 1390 2271 maritetur.

986 2280 1037 2313 De
1060 2282 1158 2314 turris
1184 2285 1353 2324 ergastulo.

857 2336 917 2369 4b.
941 2337 1023 2370 Oves
1047 2338 1080 2370 in
1105 2339 1243 2373 locustas
1269 2351 1380 2375 versae

939 2384 1034 2426 Signo
1062 2386 1168 2420 divino
1193 2397 1360 2430 respersae

985 2433 1104 2467 Summi
1129 2436 1235 2469 throni
1259 2439 1360 2479 apice.
