1653 2632
710 134 948 169 —35-

857 231 912 263 5a.
934 230 995 261 His
1019 239 1076 262 nos
1101 231 1160 263 alis
1186 229 1238 263 fac
1263 232 1372 263 volare

939 278 993 309 Ad
1018 286 1156 317 superna
1181 281 1213 309 et
1237 279 1363 311 calcare

985 324 1097 357 Mente
1121 325 1272 357 mundum
1295 327 1440 366 penitus;

166 224 224 256 5a.
250 223 317 256 Isto
343 226 434 266 reple
456 236 514 259 nos
540 237 658 271 amore,

250 271 296 304 Ut
321 273 496 313 psallamus
520 279 637 317 mente,
664 285 719 308 ore

296 319 380 364 Tibi,
407 325 518 354 sancte
542 324 690 366 spiritus;

625 381 656 413 6.
683 381 730 413 Te
757 381 934 421 credentes,

682 428 729 459 Te
755 428 893 460 colentes

732 475 907 508 consolare
936 476 1076 509 coelitus,

241 537 323 564 Miss.
344 546 397 564 ms.
417 538 595 566 Fossatcnse
615 547 691 567 saec.
715 538 760 567 14.
782 540 854 568 Cod.
876 541 1034 568 Parisiens.
1056 539 1162 569 12060.

620 631 664 663 41.
706 631 749 663 De
769 632 878 663 sancto
899 632 1029 672 Spiritu.

165 699 222 731 la.
249 699 363 731 Mundi
389 700 565 741 renovatio,
853 701 910 734 lb.
934 702 1021 742 Ignis
1047 702 1237 743 volabilitas,

248 747 441 779 Cunctorum
467 747 597 788 creatio,

246 793 402 834 Regimen
423 794 577 835 justitiae,

245 840 373 872 Jubilus
397 842 549 883 laetitiae,

246 887 378 920 Entium
403 889 625 932 primordium,

245 935 337 967 Finis
364 939 396 967 et
421 937 597 977 exordium,

292 984 384 1022 Veni,
412 987 522 1015 sancte
546 985 688 1027 spiritus,

161 1041 220 1073 Za.
249 1039 378 1072 Coelum
403 1049 461 1080 per
487 1043 520 1072 te
543 1041 680 1084 vehitur,

243 1087 395 1119 Movetur
420 1091 453 1119 et
476 1089 607 1131 regitur,

244 1134 290 1167 Ut
313 1133 378 1166 fide
404 1136 591 1176 contegitur,

245 1181 359 1214 Gratia
382 1185 418 1213 tu
441 1183 574 1222 praevia

243 1229 346 1261 Plana
371 1238 513 1270 quaeque
539 1230 642 1270 devia,

245 1276 365 1309 Gravia
389 1275 442 1308 fac
466 1277 560 1317 levia,

291 1324 480 1357 Consolator
504 1325 632 1364 optime.

158 1382 214 1414 3a.
242 1381 318 1413 Vita
341 1390 398 1412 nos
423 1380 560 1422 vivifica,

241 1428 350 1460 Salute
373 1427 527 1469 salvifica,

239 1476 278 1508 In
304 1475 400 1507 coelis
427 1475 577 1516 clarifica,

286 1524 310 1556 O
336 1523 392 1555 lux
420 1523 616 1556 beatissima.

847 1382 907 1415 3b.

934 751 1047 789 Aquae
1070 748 1268 790 fluxibilitas,

934 797 1029 828 Aeris
1054 797 1197 836 spiratio,

934 844 1054 875 Terrae
1079 843 1272 885 fecundatio,

935 891 1049 923 Omnia
1072 891 1105 922 in
1130 891 1271 932 singulis,

935 938 1026 970 Salus
1051 938 1083 969 in
1107 939 1268 979 periculis,

981 985 1074 1026 Veni,
1101 988 1193 1025 pater
1216 994 1403 1025 pauperum.

904 1068 909 1073 .
936 1041 1017 1074 Gelu
1040 1042 1152 1074 mortis
1177 1042 1301 1082 teritur,

933 1089 1013 1128 Spes
1039 1091 1072 1120 et
1092 1089 1160 1120 vita
1185 1090 1355 1131 quaeritur,

932 1137 1000 1168 Pax
1024 1138 1154 1167 aeterna
1179 1137 1296 1168 seritur

933 1183 969 1214 In
994 1185 1027 1214 te
1053 1181 1284 1224 confitentibus,

932 1230 1088 1262 Sauciatis
1113 1230 1282 1271 mentibus,

930 1277 1040 1309 Lassis
1068 1279 1100 1308 et
1125 1277 1288 1317 egentibus

977 1326 1017 1357 In
1041 1324 1153 1356 labore
1177 1325 1312 1364 requies.

933 1381 1022 1412 Viam
1048 1380 1129 1412 coeli
1153 1381 1300 1420 petimus

928 1428 1056 1468 Indigni
1079 1428 1157 1459 licet
1180 1428 1286 1470 simus,

929 1475 1028 1514 Quam
1053 1475 1172 1507 habere
1193 1476 1357 1515 nequimus

975 1523 1050 1556 Sine
1074 1525 1129 1555 tuo
1154 1523 1292 1556 numine.

228 1589 313 1617 Miss.
341 1598 394 1616 ms.
413 1590 618 1617 Voravinense
642 1587 688 1617 35.
715 1597 791 1617 saec.
814 1587 858 1616 14.
881 1603 914 1607 —
936 1589 1005 1616 Mel.
1032 1588 1083 1616 der
1103 1588 1316 1625 Ostersequenz
1336 1587 1473 1624 gleichen

150 1627 293 1663 Anfangs,
313 1627 450 1655 deutsche
471 1627 643 1663 Singweise.

596 1702 644 1732 42.
684 1701 728 1732 De
749 1701 882 1741 Corpore
904 1700 1028 1732 Christi.

151 1773 208 1806 la.
237 1772 351 1805 Gaude
376 1772 462 1814 Sion,

283 1823 388 1851 mater
414 1819 559 1861 ecclesia,

235 1868 329 1900 Nova
352 1867 413 1898 tibi

282 1917 453 1955 resurgunt
477 1913 607 1955 gaudia,

234 1963 321 2002 Quae
343 1971 428 1994 nunc
452 1963 565 2002 patent

280 2010 314 2042 in
337 2009 544 2041 Eucharistia

328 2058 484 2090 Pretiosa.

148 2118 207 2150 2³..
235 2117 274 2149 In
299 2115 360 2147 hac
387 2115 439 2147 die

281 2163 375 2205 panis
402 2161 541 2194 efficitur

230 2212 350 2244 Verum
376 2219 502 2251 corpus,

276 2259 386 2292 vinum
410 2257 633 2298 transponitur

230 2309 268 2341 In
293 2307 489 2348 sanguinem,

276 2356 338 2388 hoc
362 2364 426 2387 non
452 2352 624 2394 ambigitur

326 2402 528 2436 Christianis

842 1772 859 1803 1
869 1770 899 1802 b.
924 1771 1061 1803 Pretiosi

974 1818 1117 1857 corporis
1141 1817 1272 1850 Domini

924 1865 1019 1897 Nunc
1040 1865 1114 1897 unio

971 1911 1009 1944 fit
1033 1921 1124 1944 sacro
1149 1913 1312 1954 sanguini3

924 1960 1014 1992 Haec
1038 1963 1087 1991 est
1109 1960 1176 1992 dies

971 2008 1107 2039 humano
1134 2008 1247 2040 semini

1016 2055 1204 2089 Fructuosa.

841 2112 898 2146 ab.
920 2112 992 2145 Hoc
1017 2115 1075 2152 est,
1104 2113 1143 2145 de
1169 2121 1229 2153 quo

969 2169 1069 2193 coena
1092 2160 1246 2200 apostolis

920 2208 1007 2241 Data
1031 2206 1102 2248 fuit,

968 2256 1025 2288 sed
1050 2254 1140 2287 falsis
1167 2256 1305 2296 dyscolis

920 2304 976 2337 Fit
1002 2304 1200 2344 damnamen,

968 2351 1101 2384 Judaeis
1126 2350 1251 2384 frivolis

1014 2400 1058 2432 Et
1083 2400 1227 2441 paganis.

1253 2454 1294 2486 3*
