1653 2632
721 118 982 153 —138—

195 217 251 250 63.
277 215 349 247 Hoc
372 217 528 256 tyrannus
553 213 662 246 audito

275 262 382 302 jussit,
408 261 580 302 plumbatis

276 313 314 341 ut
335 310 544 342 caederentur
570 309 637 348 ejus
663 316 719 339 ora

195 367 249 399 7a.
275 366 364 398 Illiso

276 422 362 452 papa
383 413 489 453 gladio
515 411 685 444 saevientis

275 460 379 492 victor
404 460 507 491 adivit

278 506 423 538 coelestis
447 515 546 546 regna
569 505 654 545 regis

275 553 416 586 sedentis
441 553 544 592 patris
571 552 701 592 dextra3

195 611 250 643 Sa.
278 610 377 650 Quem
402 609 620 648 supplicantes

275 657 413 697 petimus
437 659 543 688 mente
568 657 692 695 devota,

881 214 939 247 6b.
960 214 1006 246 Et
1031 213 1157 245 tandem
1183 215 1258 252 post
1281 213 1398 246 acerba

881 363 940 396 7b.

962 268 1066 300 poena
1090 261 1249 290 tormenta

963 306 1083 346 adjecit
1108 305 1262 337 decollari
1285 300 1402 348 ἄνδρα.

961 363 1007 395 Et
1032 362 1120 401 cujus

964 409 1102 441 convicit
1126 409 1337 444 institutione,

959 457 1089 496 junctus
1114 459 1164 488 est
1187 456 1216 487 ei

963 504 1059 535 beata
1083 503 1265 543 percipiens

966 551 1151 591 dignissime
1172 551 1325 591 praemia.

882 608 938 641 8b.
961 608 1008 641 Ut
1031 610 1144 648 poscat
1166 608 1258 640 nobis

964 656 1104 687 relaxari
1127 656 1299 696 punienda.

195 716 249 747 9a.
278 713 466 746 Sanctorum
883 712 941 746 9b.
965 713 1046 746 Cum
1070 712 1150 752 ipsis

277 763 372 801 atque
395 769 574 793 mereamur
967 763 999 791 et
1023 760 1164 792 carmina
1189 763 1299 792 sancta

278 809 438 840 consortia
966 807 1166 840 concinamus

652 865 707 897 10.
735 865 773 896 In
798 864 930 896 aethera

735 920 795 951 per
821 914 935 943 cuncta
958 912 1095 944 saecula.

270 987 353 1014 Miss.
373 994 426 1013 ms.
449 986 682 1022 Compendiense
701 994 777 1013 saec.
800 984 843 1012 14.
866 985 937 1014 Cod.
955 986 1116 1013 Parisiens.
1139 984 1174 1013 17
1186 984 1251 1014 318.
1272 988 1327 1013 mit
1338 986 1408 1014 Mel.
1422 987 1457 1014 A.
1474 1003 1511 1007 -

194 1022 278 1052 Miss.
300 1033 353 1051 ms.
370 1024 602 1059 Cumpcndiense
622 1030 699 1052 saec.
721 1022 766 1051 14.
785 1023 855 1051 Cod.
869 1024 1029 1051 Parisiens.
1052 1022 1085 1051 17
1098 1022 1163 1052 319.
1178 1024 1211 1052 B.
1228 1040 1268 1044 -
1281 1022 1335 1059 21),
1358 1023 1373 1052 1
1391 1033 1511 1053 manens

194 1063 227 1090 B.
247 1078 287 1081 —
305 1061 555 1096 4a71Latentis
583 1062 661 1098 quod
680 1062 714 1089 B.
734 1077 771 1082 —
795 1060 854 1096 5b,
874 1059 892 1089 3
916 1063 948 1089 in
968 1070 1011 1090 ea.
1031 1062 1091 1090 AB.
1114 1077 1151 1081 —
1172 1062 1230 1097 7a,
1253 1062 1268 1090 1
1291 1063 1399 1091 Illaeso
1420 1063 1454 1090 B.
1474 1078 1513 1082 ——

194 1099 243 1135 7a,
265 1099 282 1128 5
304 1100 340 1127 ad
360 1100 506 1127 dexteram
530 1100 589 1127 ΑΒ.
610 1116 648 1120 -
668 1098 718 1133 Sa,
741 1098 756 1127 1
779 1100 905 1136 petimus
926 1100 1126 1136 supplicantes
1148 1100 1206 1128 AB.

440 1206 494 1237 181.
533 1207 568 1238 111
591 1206 641 1237 (lie
663 1205 813 1237 adventus
833 1213 873 1236 ss.
896 1205 1032 1237 Cornelii
1054 1207 1087 1237 et
1107 1206 1266 1246 Cypriani.

654 1278 685 1310 1.
714 1276 808 1309 Celsa
829 1276 897 1315 poli
922 1276 1031 1308 sidera

711 1323 869 1355 Mundum
893 1323 1091 1356 illustrantia

657 1402 660 1405 .
712 1370 858 1403 Rutilant
882 1371 916 1402 in
940 1371 1053 1413 gloria,

197 1427 254 1459 2a.
280 1426 403 1458 Horum
427 1427 613 1468 patrocimis
883 1427 942 1460 21).
966 1428 1105 1467 Quorum
1130 1438 1227 1469 prece
1251 1431 1350 1463 tutior

280 1473 401 1506 Nostra
423 1475 520 1514 plena
544 1475 668 1515 gaudiis
965 1475 1097 1508 Transit
1127 1480 1159 1508 et
1183 1478 1324 1510 securior

327 1521 475 1553 Resultat
499 1522 643 1564 ecclesia,
1013 1524 1076 1556 Per
1099 1525 1211 1557 mundi
1235 1524 1413 1566 naufragia.

198 1579 253 1611 3a.
280 1576 324 1610 Hi
353 1577 438 1610 beati
463 1579 637 1619 praesules,
883 1579 942 1612 3b.
966 1579 1084 1623 Signis,
1109 1582 1176 1613 vita
1200 1582 1324 1614 nobiles

280 1626 427 1665 Quamvis
452 1624 533 1657 fiant
557 1627 692 1667 exsules,
964 1628 1148 1661 Persistunt
1170 1630 1348 1662 immobiles

327 1673 447 1705 Tamen
474 1672 592 1706 Christi
617 1674 719 1714 gratia
1014 1675 1103 1708 Inter
1127 1679 1177 1709 tot
1200 1678 1370 1717 supplicia.

197 1731 252 1763 4a.
278 1730 364 1762 Hinc
388 1730 505 1762 milites
528 1730 621 1762 Decii
883 1731 943 1764 4b.
967 1732 1180 1772 Baptizantur
1208 1735 1339 1778 pariter,

278 1777 411 1809 Monitis
438 1777 578 1810 Cornelii
965 1779 1106 1812 Mortem
1130 1782 1323 1814 unanimiter

328 1824 571 1857 Contemnentes
594 1827 737 1866 praemia
1015 1827 1220 1861 Perferentes
1245 1830 1363 1871 gaudia

327 1872 423 1912 Regis
448 1875 480 1904 et
503 1873 639 1913 imperia
1015 1875 1158 1908 Subeunt
1182 1878 1341 1909 coelestia.

198 1930 253 1962 5a.
280 1928 420 1961 Cerealis
444 1939 526 1962 uxor
549 1931 642 1962 malis
886 1931 943 1964 5b.
966 1931 1053 1970 Quae
1079 1934 1154 1965 dum
1180 1935 1284 1967 credit
1309 1937 1341 1966 et
1365 1935 1486 1977 obedit,

277 1975 447 2016 Fatigatur
471 1978 530 2009 sed
554 1980 686 2010 sanatur
966 1979 1156 2019 Baptizatur
1181 1984 1212 2013 et
1237 1984 1375 2014 testatur

327 2024 435 2064 Papae
458 2033 518 2064 per
542 2024 702 2066 suffragia,
1017 2026 1179 2060 Christum
1203 2038 1300 2069 super
1325 2031 1442 2063 omnia.

199 2081 254 2113 6a.
281 2080 306 2112 Ο
333 2081 470 2120 Corneli,
495 2084 588 2120 pater
612 2082 676 2122 pie,
887 2081 945 2115 6b.
968 2081 1036 2114 Nos
1060 2083 1209 2126 defende,
1235 2095 1293 2118 nos
1317 2088 1445 2128 exaudi,

280 2127 330 2158 Tu
352 2128 498 2160 levamen
522 2137 561 2160 ac
585 2129 726 2160 solamen
968 2129 1067 2162 Plaea
1091 2135 1214 2173 ventos,
1239 2143 1329 2167 mare
1352 2135 1419 2167 leni

328 2175 461 2207 Intuens
487 2174 616 2216 fragilia
1017 2177 1263 2219 Comprimendo
1287 2182 1376 2216 vitia.

202 2230 256 2262 73.
283 2231 364 2271 Ave,
390 2232 519 2271 praesul
544 2233 682 2272 gloriose
887 2232 945 2265 71).
970 2234 1019 2266 Tu
1042 2239 1183 2268 rectores
1209 2240 1242 2269 et
1267 2238 1414 2271 doctores

281 2280 362 2318 Ave,
388 2283 481 2318 pater
505 2288 667 2320 generose,

334 2325 502 2366 Cypriane,
527 2325 679 2359 melliflua

329 2371 482 2404 Fundens
505 2373 597 2405 nobis
622 2374 756 2413 eloquia.

969 2281 1163 2316 Instruendo
1188 2287 1333 2317 monstra
1354 2284 1461 2328 flores,

1023 2330 1116 2362 Rosis
1144 2331 1172 2362 si
1198 2332 1313 2364 desunt
1336 2333 1406 2366 lilia

1022 2376 1186 2410 Castitatis
1210 2379 1359 2421 insignia.
