1653 2632
687 139 949 174 —134—

165 243 221 274 2a.
247 239 444 272 Documenta
468 238 554 269 vitae
579 236 666 268 clara
849 234 909 267 2b.
932 234 1057 274 Sponsa
1080 233 1167 263 zelus
1192 232 1225 263 in
1250 233 1417 271 praeclara

293 286 416 319 Doctor
441 284 531 316 dedit
556 283 680 323 Clarae,
980 279 1080 311 Novit
1105 279 1280 318 declarare,

247 334 333 374 Quae
357 332 528 372 complevit
551 331 641 371 virgo
668 330 753 361 clara
933 327 1025 367 Quod
1049 326 1189 357 thalamo
1214 333 1331 364 sponso
1357 333 1433 357 cara

299 380 454 413 Clausura
477 378 651 419 praeclare.
983 373 1101 406 Clausa
1127 372 1222 404 debet
1246 374 1341 403 stare.

174 445 224 472 ja.
253 437 348 470 Clara
370 436 539 476 praeclara
563 434 724 473 sanguine,
853 431 912 464 3b.
935 430 1092 462 Accincta
1115 427 1305 460 fortitudine

295 483 395 515 Vultu
418 481 624 522 praeclarior,
981 476 1101 508 Mulier
1127 474 1251 514 fortior,

251 531 346 564 Clara
371 528 518 561 clarescit
541 528 677 570 nomine,
937 523 1054 556 Clausa
1077 525 1143 555 stat
1167 522 1352 561 artitudine,

295 576 440 609 Moribus
466 575 592 608 clarior.
982 571 1028 604 Ut
1053 571 1097 602 sit
1120 570 1271 602 securior.

167 638 223 669 40..
249 633 391 666 Radiosa
420 631 566 663 claritate
853 629 914 662 4b.
938 629 1044 668 Clara,
1070 628 1167 667 plena
1192 626 1335 666 caritate,

294 680 404 719 Lapsa
429 679 470 711 de
494 677 640 717 ⁰upernis
986 676 1083 709 Clara
1106 674 1218 706 mundi
1244 673 1369 713 spernis

249 727 355 760 Solem
378 727 411 757 in
435 725 648 757 immensitate
938 723 1067 756 Summa
1091 721 1201 754 fruens
1226 721 1370 753 bonitate

299 773 459 807 Christum
482 773 568 804 clare
594 772 706 803 cernis.
986 771 1056 803 Ima
1078 779 1142 802 non
1169 769 1335 801 discernis.

169 834 187 866 5
200 842 228 865 a.
255 832 334 864 Post
357 830 498 862 dolorem
524 838 563 861 ex
585 837 695 860 amara
856 827 915 861 5b.
939 827 1090 860 Gaudens
1116 826 1235 867 gaudes
1261 825 1343 857 clari
1367 825 1456 856 clara

299 878 418 910 Christi
442 877 590 917 passione
988 874 1109 908 Christi
1131 874 1264 913 visione,

249 926 337 958 Fusa
358 925 458 956 clares
483 925 518 956 in
541 923 710 964 praeclara
939 922 1040 962 Opem
1064 921 1168 962 nobis,
1196 920 1298 952 dulcis
1324 919 1429 958 Clara,

300 972 583 1012 contemplatione.
985 970 1052 1002 Fer
1076 968 1231 1001 oratione.

245 1040 300 1066 Prr
320 1046 360 1065 ar.
381 1046 434 1065 ms.
455 1037 642 1065 Franciscan.
664 1044 739 1063 saec.
761 1033 835 1063 ²4l15.
858 1035 927 1063 Cod.
948 1035 1109 1062 Parisiens.
1132 1031 1215 1061 1339.
1236 1047 1274 1051 —
1293 1033 1351 1060 Mit
1369 1032 1439 1059 Mel.

625 1127 686 1159 176.
728 1127 771 1158 De
791 1127 903 1158 saneta
924 1126 1026 1158 Clara.

173 1202 230 1234 la.
258 1200 329 1232 Rex
353 1208 412 1239 per
435 1201 562 1238 portum
588 1197 731 1229 caritatis
859 1196 918 1229 lb.
938 1196 1023 1228 Dum
1032 1195 1488 1236 praeclaramrosamClaram,

255 1248 384 1280 Intrans
409 1246 537 1277 hortum
564 1245 719 1277 castitatis
940 1243 1064 1276 Mundo
1089 1253 1206 1285 raram,
1234 1242 1296 1275 sibi
1322 1251 1439 1281 caram,

304 1293 430 1326 Novum
454 1291 564 1325 florem
590 1292 721 1332 colligit,
990 1291 1147 1331 Sponsam
1171 1290 1233 1322 sibi
1260 1290 1359 1330 eligit.

177 1354 232 1385 2a.
257 1349 350 1382 Haec
372 1350 496 1390 signata
519 1349 655 1381 necdum
679 1351 756 1380 nata
860 1348 918 1381 2b.
942 1348 1025 1380 Nam
1049 1348 1175 1379 timenti
1201 1347 1300 1379 matri
1323 1345 1415 1378 flenti

305 1398 401 1429 Icone
425 1396 602 1440 praesagio,
990 1395 1040 1427 De
1064 1397 1176 1434 partus
1200 1394 1355 1435 periculo,

256 1445 363 1478 Fulsit
388 1444 522 1484 clarens,
547 1447 585 1475 ut
608 1443 651 1475 sit
675 1451 786 1475 carens
943 1442 1128 1483 Nuntiatur,
1155 1443 1239 1482 quod
1264 1442 1317 1473 lex
1343 1442 1437 1473 datur

306 1492 435 1524 Peccati
460 1491 614 1531 contagio.
991 1490 1055 1522 Per
1079 1491 1162 1522 hanc
1185 1498 1270 1522 nova
1292 1489 1431 1521 saeculo.

176 1553 232 1584 3a.
259 1549 361 1582 Domo
384 1549 486 1589 patris
513 1556 589 1579 cura
612 1547 724 1579 matris
863 1546 921 1580 3b.
942 1547 981 1579 In
1006 1547 1142 1579 absonso
1168 1546 1297 1580 Christo
1319 1555 1437 1586 sponso

305 1596 432 1628 Divinis
454 1596 566 1635 juncta
589 1594 735 1633 nexibus,
995 1595 1110 1628 Cordis
1134 1597 1229 1626 vacat
1249 1593 1461 1634 amplexibus.

176 1657 232 1688 4a.
259 1654 345 1686 Hinc
368 1652 534 1686 Francisci
561 1651 757 1684 documentis
864 1652 922 1685 41).
946 1651 1079 1683 Sacrum
1103 1650 1220 1682 flamen
1244 1651 1328 1683 hanc
1352 1650 1485 1691 instigat

259 1700 408 1741 Adipisci
433 1700 541 1733 studet
565 1700 681 1731 mentis
947 1699 1036 1731 Dans
1058 1700 1219 1739 juvamen,
1248 1699 1323 1731 dum
1348 1699 1485 1738 castigat

306 1748 353 1780 Et
373 1748 478 1780 carnis
501 1747 702 1789 munditiam,
996 1746 1038 1779 Se
1059 1755 1119 1786 per
1143 1746 1379 1779 abstinentiam.

179 1810 234 1841 5a.
261 1805 375 1838 Multis
393 1805 492 1845 signis
516 1803 582 1836 fide
608 1804 712 1844 dignis
867 1804 926 1838 5b.
947 1804 1026 1837 Orat
1047 1813 1209 1844 sponsum,
1239 1804 1292 1844 qui
1309 1811 1497 1843 responsum

307 1854 347 1885 In
372 1852 433 1884 hac
457 1852 525 1884 vita
550 1852 675 1894 claruit,
994 1851 1062 1884 Dat
1088 1852 1124 1883 in
1148 1851 1352 1890 eucharistia,

260 1900 393 1932 Morbos
418 1900 541 1940 pellens
564 1902 597 1931 et
617 1899 756 1931 evellens
949 1899 1046 1932 Plebs
1072 1900 1224 1939 salvatur,
1252 1899 1328 1931 dum
1353 1897 1482 1938 fugatur

308 1947 427 1980 Hostes
449 1950 487 1979 ut
510 1947 669 1987 apparuit.
997 1947 1133 1978 Hostilis
1157 1947 1313 1979 molestia.

182 2008 201 2039 6
210 2015 239 2038 a.
265 2004 494 2044 Augmentavit
517 2012 643 2043 panem,
670 2002 761 2042 pavit
869 2003 927 2037 6b.
948 2003 1013 2035 Vas
1037 2003 1202 2044 impletur,
1230 2003 1305 2035 dum
1325 2002 1500 2043 praebetur

310 2051 452 2083 Turbam
477 2053 584 2083 coetus
609 2049 755 2090 virginei,
997 2050 1028 2082 E
1052 2051 1138 2082 coelo
1162 2051 1268 2091 liquor
1293 2050 1366 2084 olei.

182 2110 239 2143 7a.
264 2109 344 2141 Post
359 2108 402 2140 ad
414 2109 549 2139 mortem
562 2106 810 2148 appropinquat,
871 2107 931 2140 ¹?b.
953 2107 1145 2139 Morituram
1170 2116 1205 2139 se
1229 2107 1403 2151 praedixit,

263 2155 379 2187 Mundi
408 2158 526 2187 sortem
553 2157 591 2185 ut
614 2153 785 2194 relinquat,
952 2154 1164 2186 Recessuram
1187 2155 1356 2187 benedixit

314 2202 465 2234 Tendens
490 2201 533 2233 ad
556 2199 715 2238 coelestia,
1000 2200 1133 2241 Papalis
1158 2203 1351 2242 praesent-ia.

185 2261 240 2293 8a.
265 2259 360 2291 Hanc
384 2258 500 2298 Maria,
528 2259 630 2289 mater
654 2257 718 2298 pia,
872 2257 931 2292 81).
953 2257 1088 2290 Scandit
1112 2259 1228 2298 caelos,
1252 2258 1309 2289 ubi
1328 2258 1429 2290 melos

339 2305 491 2338 Visitavit
513 2304 698 2344 languidam
1004 2305 1098 2337 Canit
1122 2314 1192 2337 cum
1216 2305 1404 2345 virginibUS,

266 2353 312 2385 Et
337 2353 505 2384 coelestem
529 2351 592 2383 sibi
615 2353 737 2382 vestem
956 2353 1083 2393 Agnum
1093 2361 1227 2392 sequens
1235 2351 1503 2393 manetfrequens

341 2399 563 2431 Praesentavit
588 2397 766 2431 candidam.
1004 2400 1043 2431 In
1067 2399 1198 2431 laudum
1225 2399 1430 2432 carminibus.
