1653 2632
723 115 982 150 —210—

208 213 263 244 4a.
290 211 375 243 Dum
395 213 442 244 sic
467 212 592 245 Christo
616 213 742 256 militat,

286 259 436 291 Fratrum
460 263 579 292 turmas
603 259 715 291 incitat

337 308 391 339 Ad
415 310 554 347 aeterna,

208 365 265 397 5a.
290 363 363 403 Eja,
389 366 482 403 pater
504 371 690 403 pauperum,

287 410 396 442 Noxas
423 411 494 443 dele
518 410 682 448 scelerum,

290 457 399 497 Ignem
424 466 484 497 quo
509 459 682 488 tartareum

336 504 538 543 Evadamus3

209 562 268 594 621.
295 561 358 593 Ora
381 569 440 599 pro
464 562 590 591 tuorum

295 607 386 640 Statu
415 606 553 639 filiorum

337 654 374 686 In
402 656 571 693 conspectu

384 701 497 733 summi
520 701 613 741 regis,

887 211 948 244 4b.
970 209 1180 243 Leonhardus
1203 208 1328 240 sibimet

971 258 1058 297 Apta
1082 256 1152 288 loca
1175 256 1271 296 petiit

1018 304 1082 336 Ter
1104 306 1266 343 quaterna.

890 361 947 394 5b.
969 361 1046 392 Tuis
1070 359 1121 391 fer
1145 359 1307 398 auxilium,

971 407 1018 440 Ut
1044 410 1119 447 post
1143 406 1204 438 hoe
1229 406 1373 438 exsilium

972 455 1090 486 Tecum
1114 454 1175 486 Dei
1191 453 1290 486 filium

1018 502 1200 533 Videamus.

892 558 950 592 61).
973 558 1020 591 Ut
1043 567 1101 590 nos
1126 568 1146 590 a
1170 557 1311 597 peccatis

973 605 1100 637 Nostris
1126 605 1321 645 perpetratis

1019 652 1127 684 Donet
1151 661 1220 684 esse

1072 699 1178 731 dextri
1200 699 1314 740 gregis.

282 776 364 803 Miss.
395 784 447 803 ms.
477 775 624 803 Gurcense
651 782 726 801 saec.
756 773 799 801 15.
826 773 894 802 Cod.
914 774 1030 802 Musaei
1048 775 1205 802 Virunens.
1230 772 1295 802 332.
1315 774 1351 801 A.
1428 772 1517 801 Grani.

208 822 261 841 ms.
277 814 451 841 Brixinense
471 821 546 840 saec.
568 811 612 840 15.
629 811 696 839 Cod.
715 813 817 839 semin.
831 812 942 839 Brixin.
965 820 988 839 s.
1009 813 1084 847 sign.
1098 812 1132 839 B.
1148 827 1184 831 —
1202 812 1285 839 Mei:
1305 811 1515 839 Laetabundus

210 851 244 878 B.
263 867 300 871 —
322 850 371 885 la,
393 849 411 877 2
432 851 567 878 decantet
584 851 643 877 AB.
664 864 702 868 —
723 849 779 877 Str.
800 847 844 877 2b
865 849 939 877 fehlt
956 850 990 877 B.
1010 864 1049 869 —-
1068 847 1122 884 31),
1145 848 1159 876 1
1181 850 1241 877 Ubi
1261 850 1294 876 B.

643 969 703 1000 281.
743 969 786 1000 De
804 970 910 1000 sancto
931 968 1093 1009 Leopoldo.

213 1050 268 1082 la.
295 1048 366 1080 Lux
392 1052 440 1080 est
464 1052 534 1080 orta
557 1049 676 1088 populo

342 1096 435 1128 Omni
458 1096 555 1127 laude
582 1096 687 1137 digna,

294 1143 388 1184 Viget
412 1145 539 1174 sanctus
565 1142 707 1174 marchio

343 1189 457 1222 Gratia
480 1189 627 1230 benigna.

215 1247 271 1280 2a.
299 1247 323 1279 O
348 1249 465 1286 quanta
486 1246 622 1288 justitia,

295 1294 388 1333 Fide,
415 1302 481 1333 spe,
508 1293 684 1332 clementia,

295 1341 513 1380 Exstirpando
538 1340 617 1371 vitia

343 1388 440 1420 Rexit
463 1388 517 1419 1110
541 1386 683 1427 pacifice.

899 1246 958 1278 2b.

896 1048 954 1081 lb.
976 1048 1111 1081 Exultet
1135 1048 1269 1079 ecclesia

1024 1095 1082 1127 Pio
1108 1095 1283 1135 Leopoldo,
1323 1110 1329 1113 -

977 1142 1125 1174 Laudum
1148 1142 1267 1182 psallat
1293 1142 1432 1174 carmina

1027 1189 1123 1231 Voce,
1153 1190 1258 1229 corde,
1286 1189 1402 1229 lingua.

980 1246 1113 1278 Pietatis
1139 1255 1238 1285 opera

981 1291 1123 1325 Perfecit
1150 1293 1338 1333 largissime,

979 1340 1076 1372 Unde
1099 1341 1172 1380 pius
1197 1340 1338 1372 marchio

1028 1388 1250 1420 Proclamatur
1276 1388 1422 1428 undique.

217 1446 273 1478 3a.
300 1445 420 1477 Ornata
444 1444 626 1484 virtutibus,
900 1443 958 1477 3b.
981 1443 1146 1484 Leopoldo
1169 1445 1318 1485 traditur,

299 1492 428 1524 Cunctis
454 1500 564 1523 carens
590 1491 687 1531 vitiis,
982 1491 1092 1523 Proles
1117 1492 1219 1523 multa
1242 1492 1392 1533 nascitur,

295 1539 392 1571 Bonis
417 1540 513 1579 plena
536 1538 687 1578 moribus,
981 1538 1128 1571 Educata
1151 1539 1331 1579 praecipuis

347 1586 423 1618 Divi
447 1590 523 1618 nata
548 1586 693 1619 Caesaris
1030 1586 1161 1618 Duobus
1188 1587 1355 1626 episcopis.

218 1644 275 1675 4a.
303 1642 375 1674 Duo
400 1642 592 1675 monasteria
901 1643 962 1676 4b.
985 1643 1051 1676 Ubi
1074 1643 1301 1675 monasterium

350 1690 533 1722 Construxit
556 1690 610 1721 1110
634 1688 787 1732 funditus,
1033 1689 1209 1722 Loearetur
1232 1691 1348 1731 aptius,

301 1736 502 1769 Reformavit
527 1740 654 1769 caetera
988 1737 1137 1778 Conjugis
1161 1736 1373 1770 flammeolum

347 1784 461 1824 Largis
489 1794 556 1816 cum
581 1784 749 1818 reditibus.
1036 1786 1184 1818 Ostendit
1209 1785 1368 1818 divinitus.

221 1841 275 1873 521.
302 1840 420 1872 Sancta
440 1842 507 1881 ejus
533 1842 638 1873 anima
905 1843 962 1877 5b.
987 1842 1192 1875 Conditorem
1216 1843 1363 1884 omnium,

352 1887 560 1928 Congaudens
581 1889 648 1928 ¹iam
673 1889 802 1928 sanctis,
1033 1890 1187 1922 Nostrum
1211 1891 1458 1931 redemptorem,

303 1933 421 1975 Fulget
444 1944 528 1967 nunc
551 1936 585 1966 in
610 1936 744 1967 ecclesia
986 1937 1166 1969 Adoremus
1190 1938 1361 1972 Dominum

351 1982 500 2014 Maximis
525 1983 698 2015 miraculis.
1035 1985 1125 2017 Votis
1151 1986 1384 2019 sincerissimis,

641 2040 671 2072 6.
698 2040 745 2072 Ut
770 2040 865 2071 donet
889 2049 948 2080 per
971 2042 1087 2073 merita

746 2086 840 2118 Beati
863 2087 1021 2128 Leopoldi

699 2132 766 2164 Nos
790 2134 844 2165 hic
869 2138 902 2166 et
922 2136 957 2167 in
981 2137 1088 2176 patria

744 2180 803 2212 Pia
826 2190 907 2220 pace
932 2181 1006 2216 frui.

300 2249 437 2294 sequent.
461 2253 747 2297 nim-Cremifanense
767 2262 842 2282 saec.
866 2254 908 2283 15.
929 2260 997 2292 post
1008 2259 1091 2286 Miss.
1106 2260 1189 2288 Rom.
1211 2262 1281 2297 imp.
1294 2262 1429 2290 Venetiis
1452 2260 1534 2290 1484.

224 2286 258 2312 A.
273 2301 311 2305 —
321 2288 404 2315 Miss.
424 2298 476 2316 ms.
491 2290 635 2318 Lmeeme
651 2293 677 2318 Γ
692 2300 721 2327 p.
732 2287 778 2319 23.
800 2292 865 2319 add.
887 2302 962 2322 saec.
984 2294 1028 2323 15.
1044 2297 1077 2324 B.
1090 2312 1127 2316 —
1141 2299 1224 2325 Miss.
1241 2308 1295 2327 ms.
1311 2299 1535 2337 Salisburgense

226 2331 301 2388 ἓξὲξ
323 2324 413 2390 ῗὲθῗ)
434 2327 503 2354 Cod.
524 2328 618 2355 Palat.
638 2329 764 2356 vindob.
792 2327 874 2358 1778.
897 2331 927 2358 Ο.
947 2347 986 2352 ——
1004 2334 1088 2362 Miss.
1116 2345 1169 2363 ms.
1191 2337 1465 2376 Claustriburgense
1490 2337 1536 2366 72.
