1653 2632
165 232 220 264 5a.
247 233 286 266 1n
314 238 419 268 aetate
444 241 625 274 successiva

249 280 309 320 Qui
333 286 399 315 tam
424 285 489 318 late
514 285 715 328 frequentiva

293 329 416 363 Horum
439 333 511 366 luce
536 334 672 380 fulserit,

163 384 222 418 6a.
249 386 287 418 In
311 396 476 422 amoenum
500 392 605 424 locum
631 394 731 427 cellae

246 432 328 466 Vino
348 436 478 474 plenum
502 439 601 472 mixto
623 441 718 473 melle

290 481 388 522 Regis
411 484 497 517 intro
502 486 638 528 ducitur,

161 536 218 568 73.
245 535 351 579 Foris,
377 540 463 572 intus
486 544 668 584 margaritis

242 583 298 617 Fit
323 587 504 629 distinctus,
530 589 677 631 blandus,
703 594 789 625 mitis

290 632 469 675 Gravisque
492 638 686 679 precatibus,

157 687 215 720 83.
242 687 267 720 Ο
293 688 492 731 Bernharde,
518 696 628 733 pastor
652 694 744 737 bone,

239 734 307 767 Nos
329 737 397 776 jam
421 739 516 771 tarde
537 740 571 772 in
595 750 696 782 agone

289 782 501 825 Confligentes
525 788 659 828 respice,

693 148 953 184 —129—

855 247 912 280 5b.
937 248 1071 287 Quaevis
1093 250 1201 290 Scylla
1225 256 1425 294 tempestatis

933 295 989 327 Fit
1010 298 1183 337 tranquilla
1206 301 1301 332 valde
1324 303 1411 343 satis,

980 343 1047 376 Ubi
1066 353 1218 384 praesens
1244 348 1357 380 aderit.

852 397 910 431 6b.
934 399 1001 438 Quo
1024 404 1155 440 paratus
1180 402 1262 436 bene
1284 414 1372 438 mero

931 445 976 478 Et
999 451 1139 480 armatus
1162 451 1232 483 zelo
1256 460 1332 484 vero

980 494 1018 526 In
1042 496 1145 527 lucem
1168 499 1381 539 progreditur.

850 548 907 583 7b.
932 549 1054 591 Castus,
1080 553 1221 592 prudens
1247 559 1279 586 et
1300 557 1448 599 pudicus,

930 597 1008 629 Paci
1032 600 1173 640 studens,
1199 602 1344 635 inimicus

978 645 1086 678 Solum
1111 646 1173 679 fuit
1195 650 1351 684 sordibus,

846 698 905 733 8b.
927 700 998 733 Tua
1020 711 1117 741 prece
1141 705 1229 737 solve
1250 708 1365 739 molem

927 747 971 778 Et
997 749 1037 780 de
1062 749 1151 783 faece
1176 752 1237 784 duc
1260 754 1302 786 ad
1326 756 1425 788 solem

977 795 1137 830 claritatis
1163 800 1307 834 coelicae.

229 847 313 875 Miss.
334 858 387 877 ms.
402 849 556 879 Scotorum
570 853 790 884 Vindobonens.
811 856 848 885 55
872 866 891 885 a
908 856 926 886 3
947 868 1022 888 saec.
1045 859 1088 889 15.
1101 863 1134 890 B.
1148 879 1186 884 —
1201 865 1284 893 Miss.
1300 876 1353 895 ms,
1369 868 1468 897 1ndor-

152 882 288 913 dorfense
315 888 385 914 311111
413 887 497 917 1437,
526 890 597 918 01111.
624 892 714 920 Mona

152 921 221 950 Mol.
242 925 432 953 vermutlich:
453 927 555 956 Gaude
576 929 651 957 Sion
668 940 707 966 qu

716 902 792 922 cens.
818 894 901 923 ’7550-
924 897 957 925 Β.
978 914 1016 918 —
1038 897 1095 934 2b,
1120 900 1133 928 1
1160 903 1210 937 pio
1238 906 1326 939 gustu
1346 904 1408 933 AB.
1429 921 1468 927 —-

709 932 746 959 od
766 940 908 968 egressus.

569 1038 627 1070 167.
667 1040 710 1071 De
730 1043 837 1073 sancto
856 1044 1047 1078 Bernhardo.

150 1103 206 1135 13.
227 1103 312 1136 Dum
338 1107 483 1139 coelestis
508 1108 633 1150 figulus,

230 1150 276 1183 Ut
300 1152 366 1183 suis
389 1152 539 1186 fidelibus

275 1198 396 1232 Nectar
420 1202 616 1243 propinaret,

147 1255 203 1288 2a.
229 1254 363 1288 Electus
389 1266 428 1289 ex
450 1259 579 1291 milibus

224 1301 410 1336 Bernardus
438 1304 586 1338 fidelibus

271 1349 395 1390 Dignus
419 1353 589 1393 reperitur,

141 1404 196 1437 3a.
224 1404 285 1444 Qui
311 1407 352 1438 de
375 1408 445 1440 loco
470 1409 590 1449 gloriae

222 1451 285 1484 Per
307 1452 427 1487 fluenta
450 1457 573 1497 gratiae

270 1499 409 1535 Coelitus
433 1504 586 1543 repletur,

136 1555 192 1588 43.
220 1557 284 1589 Hic
307 1558 393 1597 pluit
410 1559 581 1593 virtutibus

217 1604 389 1637 Corruscat
408 1607 571 1640 miraculis

264 1651 368 1685 Divae
390 1655 578 1696 majestatis,

135 1708 189 1739 5a.
217 1708 242 1740 Ο
268 1709 489 1744 misericordia

215 1755 321 1788 Patris
347 1759 380 1788 et
402 1759 557 1801 potentia,

263 1803 289 1836 0
314 1803 416 1836 virtus
445 1805 562 1846 divina,

132 1859 188 1894 6a.
213 1859 302 1891 Talis
327 1869 347 1892 a
374 1860 572 1894 Christicolis

212 1905 258 1938 Et
281 1907 366 1939 veris
393 1909 552 1941 coelicolis

259 1954 365 1995 Digne
388 1959 569 1998 veneratur,

128 2011 184 2045 7a.
210 2011 309 2052 Ergo,
334 2015 428 2052 pater
451 2013 573 2055 inclite,

208 2057 328 2091 Preces
352 2062 478 2093 nostras
503 2062 638 2106 suscipe,

256 2107 304 2140 Ut
329 2110 362 2139 te
384 2116 581 2153 veneremur,

837 1113 895 1146 1b.
916 1114 963 1146 Et
986 1119 1131 1148 ornatum
1156 1120 1308 1161 moribus,

916 1162 995 1202 Igne
1019 1165 1121 1195 sancti
1144 1166 1275 1205 spiritus

963 1209 1032 1241 Sibi
1061 1221 1117 1243 vas
1144 1213 1286 1254 dotaret3

832 1263 891 1297 2b.
912 1264 958 1296 Et
980 1270 1017 1298 ut,
1041 1276 1152 1300 aurum
1177 1269 1318 1302 obrizum

911 1311 964 1344 Ex
988 1314 1106 1346 virtute
1130 1317 1260 1348 rutilum

959 1360 1066 1392 Patris
1093 1363 1262 1402 expolitur.

829 1414 887 1449 3b.
911 1415 957 1448 Ut
980 1418 1108 1450 morbus
1133 1418 1275 1452 fidelium

908 1463 1053 1496 Plurium
1078 1467 1120 1498 ad
1144 1468 1315 1506 pristinum

955 1511 1108 1553 Morsque
1131 1515 1299 1548 relevetur.

823 1565 883 1600 4b.
907 1566 1042 1608 Scriptis
1068 1573 1101 1601 et,
1124 1573 1322 1606 sermonibus

905 1614 957 1646 Ex
985 1616 1063 1649 rivis
1090 1619 1279 1653 coelestibus

953 1662 1021 1695 Sibi
1048 1665 1227 1699 destinatis.

821 1717 879 1750 5b.
902 1718 948 1752 Ut
974 1719 1014 1751 de
1037 1730 1113 1753 vase
1136 1723 1222 1755 luteo

903 1765 999 1798 Velut.
1023 1767 1063 1799 ab
1090 1777 1238 1810 empyreo

951 1812 1061 1847 Stillat
1082 1816 1250 1850 medicina.

819 1866 878 1900 6b.
900 1868 961 1907 Qui
983 1870 1227 1905 inaestimabilis

900 1915 1031 1949 Vultum
1053 1919 1300 1958 pulchritudinis

947 1964 1054 1998 Patris
1080 1968 1322 2008 contemplatur.

816 2018 875 2053 712.
897 2019 1002 2061 Digne
1025 2031 1096 2054 cum
1120 2024 1272 2064 angelicis

898 2067 1010 2101 Choris
1036 2073 1068 2101 et
1091 2071 1242 2111 virgineis

942 2116 1060 2149 Tecum
1086 2118 1298 2153 collaetemur.

202 2171 274 2200 Glm.
294 2172 464 2200 Monacens.
484 2172 533 2207 (ol.
555 2173 585 2201 S.
604 2174 796 2213 Emmerami)
817 2177 854 2206 14
863 2177 928 2208 926.
949 2189 1025 2209 saec.
1048 2181 1092 2210 15.
1114 2199 1150 2203 —
1167 2185 1225 2212 Mit
1242 2186 1311 2214 Mel.

529 2284 592 2318 168.
635 2287 679 2319 De
698 2289 806 2321 sancto
828 2289 1031 2323 Bernwardo.

119 2353 176 2387 13.
203 2353 229 2387 Ο
255 2354 352 2387 beata
375 2354 541 2387 beatorum

248 2403 445 2444 Angelorum
470 2404 599 2445 gaudia,

174 2460 301 2489 Dreves,
316 2461 461 2491 sequentiae
476 2462 593 2487 Ineditae.
616 2465 647 2488 11.

811 2361 828 2395 1
838 2361 869 2395 b.
893 2361 970 2395 Cum
983 2363 1196 2398 Bernwardus
1215 2368 1295 2400 coeli
1308 2369 1438 2402 chorum

940 2411 1079 2445 Intravit
1103 2422 1174 2445 cum
1197 2415 1309 2456 gloria.

1245 2471 1263 2500 9
