1653 2632
676 137 938 173 —191—

506 227 572 259 255.
613 229 657 260 De
677 237 701 260 s.
722 230 863 262 Johanne
883 231 1102 272 Evangeh'sta.

608 301 639 334 1.
666 299 823 340 Splendet
843 301 899 333 lux
925 302 1012 334 clara

663 348 811 387 polorum
835 351 868 380 et
889 349 1012 390 lampas

664 395 897 437 ardentissima,

146 447 206 479 2a.
231 446 393 480 Johannes
418 449 520 482 almus

232 496 437 537 evangelista,

146 551 207 584 3a.
234 551 333 592 Virgo
360 552 479 585 electus

232 608 251 631 a
274 599 411 632 Domino

232 647 338 679 omnia
359 650 434 679 ante
458 648 595 689 saecula,

146 704 205 736 4a.
230 702 369 742 Aquilae
392 713 481 736 more
505 705 616 737 volans

229 758 329 790 supra
353 759 479 791 agmina

231 797 319 829 coelo
350 798 447 839 digna

145 854 204 887 5a.
230 854 270 886 In
293 855 453 895 principio

230 903 279 932 est
302 902 496 942 principium

230 947 479 991 Deus-verbum,

144 1006 203 1039 6a.
229 1005 281 1038 De
307 1006 396 1045 eujus
419 1009 455 1038 tu
480 1008 631 1048 sacrario,

230 1055 341 1084 sancte
365 1053 539 1095 «lohannes,

226 1108 294 1138 Jam
319 1108 458 1139 superna

145 1156 203 1190 72.
230 1155 309 1188 Cum
334 1157 447 1196 quibus
473 1161 578 1190 tecum

229 1206 392 1235 cantemus
417 1213 500 1237 nova
526 1205 650 1237 cantica

834 453 893 486 2b.
916 454 1089 493 Apostolus

917 501 1030 540 plenus
1055 503 1166 542 gratia.

835 556 894 590 3b.
918 556 1023 597 Supra
1046 559 1232 591 recumbens

915 607 1027 644 pectus
1051 605 1180 638 Domini

918 652 1024 684 dulcia
1047 656 1160 693 potens
1184 655 1308 695 mellea,

834 707 894 740 410.
917 707 1102 748 Depromsit
1126 710 1287 743 vivificum

916 755 998 787 illud
1022 758 1194 809 propalans

916 811 994 835 voce
1017 813 1115 836 m1ra:

834 858 892 890 5b.
912 860 976 891 Per
1002 861 1086 900 quod
1109 862 1215 893 omnia

916 910 990 938 sunt
1014 907 1158 940 salvifica

916 954 1014 994 coelo,
1040 957 1134 988 terra.

834 1009 891 1042 6b.
913 1009 1062 1050 Exposoe
1083 1012 1150 1051 J'am
1174 1013 1265 1045 nobis
1293 1015 1375 1047 dona

916 1057 1150 1098 electorumque

916 1105 1131 1138 contubernia.

833 1159 891 1192 7b.
912 1160 958 1192 Et
981 1160 1184 1200 perfruamur

914 1208 1057 1240 trinitate
1078 1210 1251 1250 paradoxa,

604 1264 636 1296 8.
663 1262 701 1295 In
727 1272 788 1302 qua
811 1263 899 1295 Deus
925 1268 972 1296 est

664 1310 807 1342 omnibus
832 1312 945 1344 omnia.

219 1373 308 1409 Trop.
329 1381 382 1400 ms.
395 1374 577 1401 Nivernense
597 1382 672 1411 saec.
696 1373 739 1402 11.
755 1374 825 1403 Cod.
838 1376 996 1405 Parisiens.
1018 1377 1102 1406 9449.
1115 1393 1154 1397 —
1166 1380 1244 1407 Titel
1258 1380 1309 1408 der
1323 1380 1456 1417 Sequenz

144 1410 364 1445 „Tremula“.
385 1425 423 1430 —
442 1412 520 1439 Eine
542 1412 624 1440 Silbe
644 1413 824 1441 Uberschuss
845 1412 894 1448 22„
919 1414 948 1449 13
970 1413 1022 1449 312,
1044 1414 1062 1443 2
1083 1417 1143 1444 und
1163 1416 1214 1452 612,
1234 1416 1263 1446 3.

498 1513 564 1544 256.
602 1513 639 1544 In
661 1522 685 1545 s.
705 1514 856 1546 Johanm's
879 1516 953 1547 ante
972 1518 1105 1556 portam.

492 1584 522 1616 1.
550 1583 634 1616 Vitis
659 1593 755 1616 verae
778 1586 900 1626 palmes
925 1595 1029 1631 verus,

554 1631 580 1664 Ο
606 1631 779 1673 Johannes‚
807 1636 840 1664 et
862 1642 1015 1673 procerus

600 1679 721 1711 Summi
745 1680 836 1712 verbi
859 1681 999 1722 nuntius,

139 1736 197 1768 2a.
224 1734 432 1767 Fluctuantes
457 1735 490 1766 in
514 1736 656 1775 peccatis

222 1782 311 1814 Tuae
336 1783 437 1815 mirae
461 1783 640 1814 sanctitatis

271 1829 491 1862 Interventum
518 1830 707 1870 quaerimus,

138 1887 198 1920 33..
225 1887 430 1919 Praeclectus

224 1933 331 1973 Supra
357 1937 468 1974 pectus

271 1981 330 2020 Qui
355 1981 543 2013 recumbens
567 1981 705 2021 Domini,

135 2040 193 2072 4a.
221 2038 318 2071 Unde
338 2038 435 2078 jubar
459 2039 535 2071 solis
560 2039 630 2071 veri

221 2086 297 2118 Tibi
320 2086 416 2118 datur
439 2086 558 2118 intueri

268 2134 448 2167 Penetratis
473 2133 620 2173 nubibus,

134 2192 192 2226 52.
215 2191 303 2224 Hinc
326 2190 461 2232 figuram
486 2192 613 2231 aquilae

219 2239 343 2272 Gerens
369 2238 560 2271 admirabile

216 2287 262 2320 Et
283 2287 501 2320 inenarrabile

131 2346 191 2380 62.
217 2345 402 2378 Inauditum

264 2401 339 2435 ergo
364 2393 447 2425 illud
472 2393 608 2426 saeculis

826 1737 888 1769 21).
908 1738 939 1769 A
964 1741 1063 1779 reatu,
1090 1748 1150 1779 quo
1175 1742 1329 1780 tenemur,

908 1784 978 1817 Tua
1001 1794 1099 1825 prece
1122 1789 1157 1818 ut
1181 1788 1380 1830 mundemur,

954 1832 1000 1864 Et
1025 1833 1138 1866 devote
1161 1835 1308 1874 petimus.

825 1888 884 1921 3b.
907 1888 1057 1921 Meruisti

908 1935 986 1968 Jesu
1011 1936 1130 1969 Christi

955 1984 1161 2018 Documentis
1186 1987 1297 2021 imbui.

825 2040 885 2073 4b.
910 2040 1005 2081 Cujus
1030 2052 1166 2083 namque
1191 2044 1365 2078 coelibatus

906 2089 1004 2122 Ultra
1029 2091 1132 2123 coelos
1157 2094 1204 2124 est
1229 2093 1352 2125 levatus

954 2137 1107 2170 Pennatis
1133 2139 1317 2174 virtutibus.

825 2192 883 2226 5b.
908 2193 1051 2226 Verbum
1074 2196 1176 2236 patris
1203 2198 1338 2242 reperis,

906 2241 1052 2274 Dilectus
1075 2253 1155 2284 prae
1180 2245 1296 2278 ceteris

905 2289 997 2322 Hlico
1022 2292 1185 2331 apostolis.

823 2345 882 2379 6b.
909 2345 1015 2387 Signis
1039 2349 1148 2382 multis

955 2397 988 2427 et
1012 2396 1166 2430 doctrinis
1191 2399 1342 2433 adstruis
