1653 2632
700 154 740 159 .-
794 136 839 171 63
886 157 933 161 ,-

608 227 653 258 78.
694 228 736 259 De
756 228 852 260 beata
872 230 972 261 Maria
993 230 1029 261 V.

506 296 537 331 1.
564 297 669 338 Salve,
695 298 811 331 nobilis
834 308 1003 342 puerpera,

562 344 716 377 Exaltata
738 355 835 386 super
859 348 999 387 aethera,

635 392 752 426 Sancta
776 394 892 426 Maria.

154 444 217 475 2a.
244 444 341 477 Salve
364 446 419 477 lux
445 447 568 487 solaris,
847 451 904 484 2b.
927 452 1032 485 Verbo
1058 452 1251 493 fecundaris,

240 491 380 533 Fulgida
400 494 495 526 stella
518 495 625 538 maris⁷
928 500 1057 532 Patrem
1082 500 1150 532 filia
1173 501 1271 542 paris,

242 539 338 580 Virgo
363 540 544 582 singularis,
928 546 998 578 Nec
1021 551 1117 587 partu
1141 549 1294 593 gravaris,

288 586 400 619 Dulcis
424 588 539 621 Maria.
975 593 1092 627 Sancta
1115 595 1232 629 Maria.

157 643 213 676 3a.
240 643 279 675 In
304 652 367 683 qua
390 647 455 676 tam
477 645 560 677 mira
584 646 729 686 genitura
844 649 901 682 3b.
924 649 989 682 Sed
1013 659 1124 683 verum
1143 652 1240 684 solem
1266 654 1412 693 paritura

238 689 329 722 Nihil
354 700 445 723 suum
468 692 568 724 habet
590 696 715 735 natura,
924 698 1116 738 Incorrupta
1139 708 1247 731 manes
1273 704 1303 733 et
1328 711 1419 743 pura,

284 737 397 770 Dulcis
421 739 538 780 Maria,
973 744 1090 777 Sancta
1109 746 1225 779 Maria.

149 793 212 826 4a.
238 793 313 826 Solo
338 797 418 827 nutu
442 796 582 836 spiritali
842 800 901 833 4b.
925 800 1008 833 Nam
1032 801 1066 833 in
1090 803 1164 835 aula
1186 804 1335 846 virginali

238 841 349 873 Paruit
372 843 452 875 ordo
476 846 610 876 naturae
924 848 1146 888 Repromissus
1170 851 1337 892 Emanuel,

235 889 317 929 Regi
341 898 451 930 regum
474 900 556 924 novo
578 892 661 932 J'ure,
922 896 1021 935 Quem
1044 898 1262 938 praesignavit
1287 899 1427 939 Gabriel,

235 936 282 968 Ut
304 936 339 968 in
361 940 458 976 partu
484 939 748 981 daemonstratur,
921 942 1006 975 Miro
1029 944 1123 976 modo
1148 945 1348 987 humanatur,

282 983 395 1016 Dulcis
416 985 532 1018 Maria.
970 989 1088 1023 Sancta
1111 992 1227 1025 Maria.

149 1039 211 1071 5a.
236 1039 336 1071 Nulla
359 1042 392 1072 te
416 1040 530 1075 infecit
554 1044 687 1084 macula,
840 1046 898 1078 5b.
920 1046 1010 1078 Dura
1034 1048 1161 1086 priscae
1183 1049 1263 1089 legis
1288 1049 1410 1083 fercula

234 1087 322 1126 Quae
330 1088 780 1128 sanguinelavantemsaecula
919 1094 957 1125 In
982 1093 1086 1126 lactea
1108 1096 1229 1135 gratiae
1250 1098 1364 1137 pocula

280 1134 379 1175 Virgo
404 1138 573 1177 generasti,
967 1141 1066 1173 Partu
1092 1145 1301 1184 commutasti,

326 1181 439 1214 Dulcis
463 1183 579 1216 Maria.
1013 1187 1132 1221 Sancta
1154 1190 1271 1225 Maria.

145 1237 205 1270 6a.
234 1236 321 1269 Coeli
344 1248 460 1280 rorem,
836 1243 893 1276 6b.
917 1244 1042 1276 Novum
1067 1246 1183 1287 lumen,

232 1284 344 1324 Campi
367 1284 479 1318 florem
917 1291 1036 1323 Verum
1056 1302 1174 1325 numen

275 1332 327 1364 Ex
351 1335 384 1364 te
411 1334 600 1376 accepimus,
962 1339 1026 1371 Per
1049 1342 1083 1370 te
1107 1341 1287 1381 adoramus,

323 1379 437 1413 Dulcis
460 1382 575 1416 Maria.
1012 1386 1129 1419 Sancta
1152 1387 1269 1421 Maria.

140 1435 204 1468 Va.
230 1435 290 1475 Tu,
315 1437 408 1477 virga
433 1438 599 1480 castitatis,
834 1441 891 1473 7b.
914 1442 1020 1474 Decus
1045 1444 1249 1485 virginitatis,

226 1482 358 1515 Profers
382 1483 493 1517 florem
518 1486 727 1526 aeternitatis,
914 1490 1043 1522 Pollens
1066 1489 1146 1523 flore
1172 1492 1358 1532 divinitatis,

272 1531 384 1564 Dulcis
408 1532 525 1566 Maria.
962 1537 1080 1570 Sancta
1103 1538 1219 1571 Maria.

138 1588 197 1620 8a.
226 1587 319 1619 Nunc
342 1589 462 1629 stipata
488 1589 654 1622 coelitibus
830 1592 888 1625 8b.
910 1593 965 1634 Ut,
992 1595 1046 1634 qm'
1069 1595 1186 1627 misere
1209 1596 1354 1641 vivimus,

224 1636 356 1668 Manum
378 1637 442 1668 tuis
467 1637 665 1678 supplicibus
913 1641 978 1673 Sub
1005 1642 1109 1674 carnis
1132 1644 1216 1675 mole
1239 1644 1401 1688 gemimus,

267 1684 392 1716 Praebe
416 1685 449 1716 in
473 1685 534 1717 hoc
559 1685 682 1725 exsilio,
959 1688 1112 1729 Supplica
1136 1693 1191 1723 tuo
1215 1690 1292 1732 filio,

316 1732 428 1764 Dulcis
453 1732 570 1773 Maria,
1005 1736 1123 1769 Sancta
1147 1738 1262 1779 Maria,

597 1790 628 1823 9.
655 1789 728 1821 Non
752 1799 810 1822 nos
835 1792 914 1823 velit
937 1792 1169 1835 derelinquere,

656 1836 721 1868 Sed
742 1837 810 1876 jam
836 1839 984 1879 dignetur
1007 1841 1178 1884 respicere,

703 1884 728 1916 Ο
754 1884 870 1926 Maria,

703 1931 801 1972 Virgo
826 1933 891 1974 pia,

698 1978 841 2011 Matrum
865 1982 977 2022 gloria.

210 2044 294 2071 Miss.
314 2052 368 2071 ms.
388 2044 564 2073 Secoviense
582 2054 658 2073 saec.
677 2043 722 2073 12.
738 2043 807 2073 Cod.
822 2046 978 2075 Graecens.
999 2047 1064 2076 479.
1079 2049 1114 2076 A.
1129 2064 1166 2069 -
1179 2051 1267 2079 Grad.
1288 2060 1340 2079 ms.
1354 2053 1451 2081 Palat.

132 2081 355 2110 Vindobonens.
385 2080 419 2111 13
430 2080 488 2111 314
514 2091 589 2111 saec.
619 2082 663 2111 11.
689 2083 754 2110 add.
780 2093 856 2113 saec.
885 2084 930 2114 13.
957 2086 990 2114 B.
1014 2101 1048 2105 ——
1069 2088 1153 2115 Miss.
1180 2097 1234 2116 ms.
1255 2090 1451 2120 Gottwicense

131 2117 191 2147 432
212 2128 288 2148 saec.
311 2119 356 2149 15.
378 2120 409 2148 C.
429 2136 467 2140 —
486 2119 537 2157 3a,
555 2120 573 2149 2
592 2122 643 2150 Nil
666 2130 752 2150 suum
770 2124 804 2151 Β.

579 2215 625 2247 79.
668 2216 713 2247 De
732 2216 826 2248 beata
846 2216 947 2248 Maria
967 2217 1003 2249 V.

591 2273 682 2311 (Infra
700 2274 799 2305 Nativ.
820 2278 850 2304 et
867 2275 998 2313 Purific.)

155 2332 210 2365 la.
239 2332 348 2365 Omnis
371 2342 449 2374 ager
473 2334 706 2375 scripturarum
845 2337 904 2370 lb.
929 2337 1029 2371 Omne
1054 2347 1160 2371 semen
1185 2348 1417 2383 aerumnarum,

237 2381 299 2413 Tui
323 2382 445 2414 ventris
473 2391 602 2423 germen
628 2383 759 2425 clarum,
927 2385 1087 2427 Quidquid
1113 2387 1183 2420 Eva
1213 2388 1269 2422 dat
1293 2398 1446 2431 amarum,

285 2429 384 2471 Virgo
407 2432 520 2472 mater,
546 2431 688 2474 redolet3
973 2434 1036 2467 Ille
1061 2434 1183 2468 fructus
1208 2436 1324 2470 abolet.
