1653 2632
663 119 897 154 ,36-

592 240 656 272 105.
677 240 721 270 De
741 240 849 270 sancto
869 235 1010 269 Achatio.

167 336 226 369 la.
253 333 448 368 catervatim
473 332 693 371 augmentatur

249 381 344 414 Felix
370 380 481 412 cohors
508 381 538 410 et
564 378 702 409 lactatur

299 429 337 460 In
363 426 492 459 coelesti
519 425 616 462 curia,

168 497 223 528 Za.
251 495 288 527 In
315 496 457 526 sanctum
482 490 653 524 Achatium

170 656 224 688 3a.

170 816 218 847 4a

173 975 224 1009 5a.

176 1188 221 1219 6a

180 1395 223 1426 ‘Ia

250 541 457 581 Spernentem
482 537 637 578 palatium

298 588 340 619 Et
365 587 468 618 libare
491 585 598 623 idolis,

250 654 337 686 Hinc
359 655 514 693 tyrannus
535 651 593 682 hos
609 651 771 690 precatur,

251 701 350 732 Minis
374 701 483 737 terret,
511 698 538 729 si
562 699 732 737 spernatur

299 748 406 788 Ipsius
432 749 463 778 et
484 745 595 785 jussio,

222 842 228 848 .
254 814 350 854 Regis
375 812 509 845 saevitia

256 861 375 895 Christi
400 859 560 899 supplicia

301 906 429 941 Perfrui
452 907 592 947 imperat

251 975 415 1007 Necantur
441 974 550 1005 decem
575 971 665 1003 milia

303 1023 381 1055 Cum
407 1021 527 1054 Christi
551 1017 763 1059 passionibuS‚

256 1070 389 1102 Tetatur
413 1077 503 1100 mons
528 1066 681 1099 Armenia

302 1117 375 1149 Heu
392 1115 552 1155 sanguinis
569 1114 603 1145 in
615 1112 773 1145 fluctibus

225 1211 231 1218 .
258 1184 382 1223 Nempe
405 1180 589 1222 superficies

308 1232 427 1263 Cruore
451 1228 637 1269 contegitur,

258 1279 457 1311 Lancearum
483 1276 566 1307 acies

306 1325 391 1357 Dum
415 1324 449 1355 in
473 1323 531 1354 hos
558 1320 733 1361 configitur.

227 1420 234 1427 .
262 1391 385 1432 Spretis
408 1388 593 1429 corporibus

311 1438 469 1471 Ordinant
486 1436 610 1468 animae

263 1485 382 1519 Christi
407 1493 442 1516 se
465 1483 610 1516 manibus

309 1534 353 1566 Et
379 1534 491 1564 curant,
514 1530 642 1562 minime

358 1580 528 1612 Tortorum
553 1578 639 1610 vilia.

181 1652 238 1684 Sa.
265 1647 438 1680 Hermolao
463 1644 615 1686 antistite,

264 1698 330 1735 Quo
355 1695 504 1726 lavantur
525 1691 727 1733 baptismate,

267 1742 344 1775 Cum
368 1741 434 1773 illis
460 1739 646 1781 agonizante

264 1790 341 1822 Pari
366 1797 445 1821 voce
470 1792 502 1820 et
527 1787 683 1818 clamante

312 1837 366 1869 Ad
392 1835 548 1868 factorem
572 1833 729 1866 omnium:

184 1908 239 1940 9a.
270 1905 294 1937 O
321 1902 399 1935 felix
423 1901 586 1940 Armenia,

163 2067 242 2099 10a.
269 2064 340 2096 Hac
368 2064 402 2095 in
426 2065 520 2103 parte
543 2065 649 2093 terrae
673 2063 787 2098 motus,

267 1953 307 1985 In
333 1951 421 1990 quus
447 1948 613 1989 provincia

314 1997 531 2030 Barbarorum
555 1995 661 2027 rabies

270 2111 325 2143 Sol
350 2111 502 2142 obscurus
528 2111 577 2140 est
602 2111 784 2147 commotus,

317 2158 361 2191 Et
385 2158 449 2189 alia
473 2156 628 2188 miracula

317 2204 466 2237 Ostendit
492 2203 627 2239 diecula,

240 2278 327 2306 Grau.
352 2286 405 2305 ms.
436 2279 568 2304 Lucense
592 2277 663 2303 anni
691 2274 772 2303 1499.
799 2275 868 2303 Cod.
893 2275 964 2303 bibl.

853 325 911 359 lb.

854 486 912 519 ab.

855 647 914 681 3b.

855 808 914 841 4b.

857 968 916 1003 5b.

861 1176 921 1210 eb.

863 1385 920 1418 7b.

866 1642 925 1676 sb.

872 1899 930 1933 eb.

848 2061 929 2094 101³.

936 324 1014 357 Cum
1038 323 1186 355 movebat
1210 322 1401 361 Adrianum,

934 373 1165 412 Imperatorem
1194 370 1382 408 Romanum,

983 417 1155 451 infernalis
1179 415 1265 448 furia

934 485 1140 517 Incarnatum
1163 485 1321 515 amantem

936 532 1077 565 Verbum
1103 535 1132 563 et
1158 530 1346 562 recitantem

984 580 1061 613 Cum
1086 579 1153 610 suis
1178 577 1317 609 sociolis.

938 646 1030 679 Servi
1056 645 1176 678 Christi
1202 643 1406 683 vilipendunt

936 693 1194 726 Blandimentum
1206 699 1266 723 nec
1277 690 1457 728 attendunt,

984 741 1052 773 Hos
1076 749 1136 771 nec
1161 739 1261 771 movit
1282 737 1393 770 laesio.

937 807 1061 840 Horum
1087 805 1285 846 corporibus,

938 854 1027 886 Diris
1052 853 1227 885 tortoribus

987 902 1066 934 illos
1093 899 1303 932 commiserat.

939 967 1016 1000 Pari
1040 967 1105 998 ritu
1130 966 1298 1005 exiguntur

989 1014 1068 1047 Cum
1093 1013 1219 1046 Christo
1245 1009 1425 1042 radiunculi

940 1062 1010 1101 Isti,
1038 1061 1114 1101 quia
1140 1069 1203 1092 non
1230 1059 1379 1090 dicuntur

988 1109 1151 1141 idolorum
1177 1106 1364 1138 conservuli.

943 1176 1054 1208 Tellus
1078 1174 1257 1206 inebriatur

989 1222 1117 1254 Pooulis
1140 1220 1331 1261 sanguineis,

943 1269 1139 1304 Hierarchia
1162 1269 1303 1300 laetatur

991 1317 1124 1349 Talibus
1148 1314 1308 1348 confineis.

944 1385 1008 1417 Per
1033 1384 1092 1415 hos
1117 1381 1293 1423 fatigantur

992 1431 1123 1464 Turbae
1148 1428 1341 1469 carnificum,

946 1479 1017 1521 Qui,
1043 1479 1118 1511 dum
1142 1479 1359 1513 numerantur,

993 1526 1089 1558 Hunc
1112 1526 1248 1565 implent
1270 1531 1435 1555 numerum

1044 1574 1191 1614 Triginta
1215 1571 1313 1604 milia.

948 1641 1034 1679 Heli,
1064 1641 1118 1680 qui
1143 1648 1200 1672 nos
1226 1640 1394 1670 veneratus

949 1689 1020 1728 Est,
1046 1688 1095 1720 illi
1118 1688 1222 1720 nostri
1246 1687 1395 1726 precatus

950 1736 1081 1769 Prosint
1103 1736 1137 1767 in
1162 1733 1363 1766 necessitatis

950 1784 1041 1817 Hora
1067 1785 1099 1815 et
1124 1781 1324 1821 calamitatis,

998 1831 1167 1872 Abrogent
1191 1829 1332 1862 exitium.

953 1898 1063 1936 Clavo,
1088 1896 1209 1938 flagris,
1235 1897 1358 1935 lancea,

955 1946 1053 1978 Sente
1074 1943 1238 1985 judeifera

1003 1992 1192 2025 Cruentavit
1214 1991 1309 2023 acies,

954 2060 1023 2098 Qua
1046 2059 1186 2099 perculit
1208 2058 1393 2097 verbigena,

954 2107 1015 2147 Qui
1035 2107 1116 2138 lavit
1139 2109 1251 2138 nostra
1275 2105 1410 2137 crimina

1005 2154 1083 2186 Cum
1106 2162 1204 2194 prece
1229 2154 1341 2185 horum
1367 2152 1482 2184 sedula

1003 2202 1067 2234 Per
1092 2201 1290 2233 saeculorum
1315 2200 1453 2231 saecula.

994 2276 1072 2311 publ.
1094 2275 1279 2303 Olomucens.
1304 2274 1335 2300 11
1354 2274 1370 2301 I
1397 2272 1423 2301 1.
1444 2290 1481 2294 —

164 2317 247 2345 Met:
275 2316 438 2351 Virginalis
458 2318 554 2342 turma
574 2322 669 2341 sexus.
690 2329 728 2333 —-
748 2312 800 2347 9b,
821 2311 837 2340 1
856 2322 899 2349 sq.
915 2314 1030 2346 (ssavos,
1045 2314 1145 2349 flagra,
1161 2313 1279 2339 lanceas
1298 2309 1302 2344 Ι
1319 2311 1424 2340 Sentes
1439 2312 1482 2346 iu-

165 2354 290 2382 ‹leiferas
305 2354 358 2380 Hs.
380 2368 417 2372 --
439 2353 496 2380 Str.
517 2351 553 2379 10
569 2352 700 2379 zeichnet
714 2350 777 2378 sich
791 2351 882 2378 durch
896 2352 961 2378 eine
976 2351 1136 2387 allcrdiugs
1150 2350 1217 2377 sehr
1230 2351 1300 2376 weit
1313 2341 1481 2385 getriebene

167 2392 361 2427 Brachylogie
382 2398 443 2418 aus.
466 2404 500 2408 —
527 2388 594 2422 101»,
617 2388 631 2416 1
654 2388 776 2424 pertulit
794 2388 849 2416 Hs.
