1653 2632
710 129 943 163 ..47-

172 218 228 250 7a.
256 218 324 250 Nos
350 220 404 260 qni
428 230 535 253 sumus
559 222 593 254 in
617 223 678 255 hac
702 224 796 265 valle,

257 266 452 300 Perditionis
476 269 510 301 in
536 270 618 302 calle

304 315 499 348 Assistentes
524 317 622 349 hodie

858 226 916 258 7b.
937 226 1025 258 Tuae
1048 227 1147 267 laudi,
1178 227 1320 269 fraglans
1345 238 1427 270 rosa,

939 273 1025 305 Nata
1047 275 1148 314 spinis
1173 284 1232 307 nec
1256 277 1394 316 spinosa,

985 321 1073 353 Loca
1097 331 1154 354 nos
1178 323 1212 354 in
1236 324 1355 363 requie.

619 385 652 417 8.
677 384 779 416 Amen
805 394 867 418 vox
892 387 1053 419 ecclesiae.

244 455 329 482 Miss.
350 464 403 483 ms.
426 456 651 485 Calmontanum
671 466 747 487 saec.
763 459 806 487 14.
829 461 898 488 Cod.
913 462 1072 490 Parisiens.
1092 461 1175 490 9442.
1197 463 1262 490 add.
1285 471 1360 491 saec.
1376 462 1420 491 15.
1441 478 1480 483 —

167 491 227 519 Mit
244 492 314 520 Mel.
329 508 368 512 ——
389 492 441 528 6b‚
461 493 479 522 2
499 495 554 523 lies
575 496 670 523 colere
690 497 745 525 solt
753 499 853 525 mnia?

597 617 644 648 54.
684 618 728 649 De
750 618 952 659 conceptione
971 619 1057 650 BMV.

854 693 912 727 ib.
936 694 1003 733 Qua
1026 694 1121 726 beata
1144 698 1248 727 mater
1273 696 1391 729 Christi

934 741 996 773 Est
1022 745 1184 783 concepta,
1213 743 1296 775 desit
1318 744 1373 775 isti

982 788 1130 821 Murmur
1152 790 1365 823 indiscretius.

852 845 909 877 ab.
931 845 1046 877 Nonne
1070 855 1175 878 rosam
1200 847 1269 879 sine
1293 848 1385 887 spina

934 892 1042 931 Quivit
1067 893 1144 925 dare
1168 903 1256 926 mens
1283 895 1400 935 divina⁷

930 939 1086 971 Mundam
1111 941 1173 972 luis
1197 950 1216 972 a
1240 942 1374 980 sentina,

982 987 1093 1020 Carnis
1120 997 1140 1019 a
1163 989 1387 1028 squaloribus?

850 1042 908 1075 312.
933 1042 1006 1074 Non
1031 1047 1175 1075 senserat
1199 1045 1359 1084 piaculum

930 1089 1003 1121 Hoc
1029 1089 1146 1122 Christi
1171 1092 1420 1133 tabernaculum,

977 1136 1150 1177 Supremus
1175 1139 1259 1178 quod
1286 1139 1414 1178 dicavit,

978 1184 1062 1216 Prae
1087 1186 1207 1216 cunctis
1230 1186 1292 1217 hoc
1316 1186 1432 1219 beavit.

932 1239 985 1272 Sic
1009 1239 1071 1271 fuit
1094 1241 1206 1281 Isaias.

174 687 229 719 la.
256 687 351 719 Diem
375 698 499 721 sacram
526 691 730 734 celebremus,

255 735 341 767 Odas
366 736 471 768 laudis
495 746 703 777 personemus

299 782 496 817 Festivando
525 786 649 827 laetius,

169 840 229 871 2a.
255 839 354 871 Absit
376 840 430 872 hic
454 842 653 883 syllogizare,

253 885 351 918 Lexis
374 888 476 920 loram
500 898 561 921 non
587 890 698 922 laxare

252 933 360 966 Debes
384 944 487 975 neque
513 937 666 978 derogare

299 981 477 1015 Theotocos
501 984 683 1017 honoribus.

163 1038 225 1070 3a.
251 1037 375 1070 Fidelis
399 1039 462 1071 Dei
486 1048 594 1083 verna,

249 1084 300 1116 De
327 1085 447 1117 Christi
473 1088 514 1119 da
537 1088 677 1128 lucerna,

291 1133 382 1172 Quod
404 1136 499 1173 pater
523 1134 606 1167 hanc
630 1135 670 1167 ab
696 1144 773 1167 aevo

296 1178 439 1212 Perfecit
462 1182 531 1213 sine
555 1190 665 1216 naevo.

161 1236 222 1268 4a.
248 1236 361 1268 Plures
386 1237 582 1270 santificatos
846 1239 907 1273 4b.

246 1283 283 1314 In
308 1284 419 1315 matris
444 1285 516 1317 alvo
541 1288 632 1317 natos
930 1286 984 1319 Sic
1007 1297 1139 1328 magnus
1164 1289 1185 1321 J
1188 1289 1332 1329 eremias,

293 1331 461 1370 Scriptura
485 1335 596 1364 sancta
621 1333 724 1375 docet,
975 1334 1136 1367 Johannes
1163 1339 1195 1367 et
1217 1336 1369 1376 baptista,

290 1378 373 1417 Quos
399 1378 495 1410 edere
517 1388 580 1411 non
605 1382 716 1412 nocet:
975 1382 1165 1414 Praeclarus
1191 1385 1405 1423 praeconista.

158 1434 217 1466 5a.
245 1433 310 1466 Sed
335 1435 471 1474 amplius
495 1436 549 1467 hic
578 1436 644 1476 egit
844 1437 903 1471 5b.
926 1438 1016 1477 Quod
1042 1439 1154 1479 quivit=
1179 1449 1252 1471 nam
1277 1444 1309 1472 et
1332 1441 1433 1481 licuit⁷

242 1482 280 1514 In
305 1484 416 1525 matre,
443 1491 537 1522 quam
563 1484 668 1524 elegit,
925 1485 1084 1517 Totaliter
1110 1487 1264 1527 explicuit

241 1528 414 1568 Supremus
439 1530 523 1562 hanc
549 1532 708 1572 compegit
926 1533 964 1564 In
988 1536 1101 1574 matre,
1128 1535 1182 1574 qni
1208 1535 1336 1567 emicuit

288 1576 341 1609 Ex
366 1575 470 1609 forma
492 1587 556 1610 non
579 1577 709 1612 infecta.
972 1580 1011 1612 In
1035 1582 1154 1613 mundo
1175 1582 1242 1621 jam
1267 1581 1442 1622 praefecta.

153 1634 214 1666 621.
244 1632 358 1673 Credo,
385 1643 492 1675 regem
515 1636 627 1667 mortis
652 1636 755 1676 legem
842 1637 901 1670 6b.
925 1637 1016 1676 Quod
1042 1641 1075 1669 ct
1099 1639 1187 1678 pium
1211 1642 1259 1671 est
1284 1642 1314 1671 et
1341 1640 1427 1672 dium

239 1681 304 1712 Hic
326 1682 463 1723 laxasse,
489 1692 714 1722 praeservasse
926 1684 1088 1728 confiteri,
1114 1695 1174 1717 nec
1197 1687 1232 1718 id
1257 1687 1323 1719 reri

286 1729 404 1761 Matris
430 1739 507 1762 suae
530 1729 684 1774 formam3
971 1732 1053 1771 Quid
1081 1736 1191 1765 contra
1214 1734 1294 1774 legis
1311 1743 1464 1768 normam.

152 1786 210 1819 7a.
236 1785 469 1827 Approbatam,
495 1788 671 1819 revelatam
840 1789 899 1821 7b.
923 1789 1111 1821 Recolamus
1138 1793 1171 1821 et
1195 1791 1360 1823 credamus

284 1833 401 1865 Matris
428 1835 667 1874 conceptionem
970 1836 1025 1868 Sic
1050 1837 1117 1876 eJ'us
1142 1838 1302 1878 unionem,

449 1892 479 1923 8.
507 1891 552 1924 Ut
576 1892 667 1932 virgo
691 1901 749 1924 nos
773 1892 881 1925 Maria

505 1939 570 1970 Hic
593 1942 742 1980 protegat
765 1940 798 1971 in
824 1941 877 1973 via

504 1986 550 2018 Et
572 1988 685 2019 mundi
709 1990 784 2027 post
809 1991 969 2020 certamen

504 2034 570 2066 Nos
596 2038 717 2075 sumat3
745 2044 852 2067 omnes
880 2036 989 2067 dicant
1011 2036 1126 2069 Amen.

224 2109 308 2136 Miss.
330 2117 384 2136 ms.
404 2109 651 2138 Neoclaustrense
668 2110 728 2138 XII
748 2111 772 2139 B
796 2110 829 2139 11
852 2119 928 2139 saec.
951 2110 994 2139 15.
1015 2127 1053 2131 —
1073 2110 1125 2147 2a,
1146 2111 1164 2139 2
1184 2113 1290 2148 ..1ῆξις-
1312 2130 1352 2134 -
1371 2112 1422 2148 33,
1446 2113 1460 2142 1

146 2146 308 2175 Fidelibns.
329 2163 367 2167 —
388 2146 438 2184 5a,
459 2145 477 2176 3
497 2147 643 2177 Summus.

604 2269 650 2301 55.
689 2269 726 2301 In
745 2269 921 2302 Nativitate
941 2270 1028 2302 BMV.

603 2342 634 2374 1.
660 2341 747 2373 Eece
763 2342 913 2374 solemnis
940 2342 1003 2374 diei

661 2397 809 2422 canamus
834 2389 927 2431 festa,
