1653 2632
726 114 965 149 -37—

616 234 677 266 106.
706 235 750 266 De
769 236 875 267 sancto
894 235 1076 267 Adalberto.

187 311 243 345 la.
270 312 295 345 Ο
322 314 490 353 praeclara
515 315 687 347 Adalberti
876 315 932 347 lb.
954 315 1026 347 Hac
1047 315 1080 347 in
1107 315 1158 348 die
1184 316 1251 355 ejus
1273 316 1327 355 pie

318 361 481 393 Praesulis
506 362 672 402 solemnia,
1003 362 1120 403 Agitur
1143 363 1305 395 memoria.

185 418 244 449 2a.
269 417 404 449 Praesul
427 418 490 450 iste
513 427 573 459 per
597 422 638 461 te,
665 418 801 459 Christe,
874 417 933 452 2b.
957 418 1065 459 Stirpc
1090 419 1185 459 digna
1208 422 1238 451 et
1262 419 1400 459 benigna

317 465 470 497 Nascitur
497 466 537 498 de
562 467 651 506 regia
1001 466 1097 506 Regis
1124 467 1164 499 de
1187 466 1348 499 Bohemia.

186 521 245 554 3a.
271 521 337 553 Hic
359 525 494 561 peccata
516 522 669 554 indurata
874 522 931 556 312.
954 522 1005 555 Ibi
1033 523 1141 555 statim
1164 523 1385 555 monachatum

316 568 456 601 Cernens
481 569 614 601 Romam
638 569 742 611 petiit,
1000 571 1196 603 Poenitendo
1222 570 1328 603 subiit.

184 626 245 658 4a.
273 625 338 657 Sed
363 635 382 658 a
406 626 482 658 totis
506 627 655 666 patriotis
872 626 930 658 4b.
955 626 1094 658 Obedire
1119 631 1151 658 et
1175 627 1297 659 servire

315 672 390 705 Una
413 682 492 705 voce
516 674 670 713 poscitur,
1001 673 1044 705 Ei
1069 674 1143 706 dum
1167 675 1373 714 promittitur.

184 730 241 762 5a.
269 728 335 761 Scd
358 729 405 761 nil
429 729 508 764 veri.
535 730 618 761 sicut
641 730 721 770 heri,
873 730 931 762 5b.
954 730 1027 761 Illic
1050 731 1170 762 clerum
1194 733 1286 763 ornat
1306 739 1416 763 verum

317 776 370 809 Sic
394 775 538 808 refutant
557 778 748 820 praesulem,
999 777 1045 809 Et
1068 776 1182 810 fundat
1207 778 1366 820 ecclesias⁷

267 824 447 855 Boleslaum
474 824 542 856 adit
567 825 656 864 pium
952 824 1039 856 Hinc
1061 826 1209 857 Prutenis
1233 825 1339 857 verbis
1363 825 1444 856 lenis

314 872 505 903 Polonorum
530 872 718 912 principem.
1001 871 1086 904 Serit
1110 872 1228 905 Christi
1252 873 1381 913 gratias.

183 929 241 961 6a.
267 928 353 960 Hinc
368 936 428 968 per
443 928 547 960 visum
563 928 638 959 huic
651 928 812 967 provisum
871 928 929 961 6b.
950 928 1128 961 Lanceatus
1152 930 1206 960 hic
1229 929 1340 961 beatus

316 974 437 1007 Christi
458 974 541 1007 bibit
567 976 707 1014 calicem,
1001 975 1089 1008 Coeli
1110 977 1191 1016 petit
1213 977 1345 1016 apicem.

183 1033 202 1063 7
210 1040 239 1065 a.
266 1031 361 1063 Nunc
381 1030 494 1064 Poloni
521 1032 561 1064 de
584 1032 713 1072 patroni
871 1032 927 1065 71).
950 1032 1018 1064 Hos
1040 1033 1073 1064 in
1097 1032 1210 1064 throno
1237 1041 1306 1064 cum
1332 1035 1465 1072 patrono

312 1078 409 1110 Tanti
433 1079 573 1119 psallant
597 1079 708 1119 gloria,
1002 1079 1120 1111 Christi
1140 1080 1255 1119 ,iungat
1278 1080 1389 1120 gratia.

259 1142 397 1179 sequent.
411 1152 464 1171 ms.
478 1152 543 1171 eum
559 1145 720 1171 commento
741 1150 816 1170 saec.
833 1141 876 1170 15.
903 1142 971 1170 (lod.
986 1143 1125 1180 Pragens.
1139 1144 1167 1171 X
1188 1144 1212 1172 G
1235 1143 1278 1171 18.
1298 1144 1332 1171 A.
1354 1158 1390 1162 —
1409 1144 1493 1171 Miss.

181 1189 234 1208 ms.
263 1180 357 1216 Capit.
380 1181 565 1209 Cracoviens.
593 1179 648 1209 213
669 1189 745 1208 saec.
766 1178 811 1208 15.
831 1181 865 1207 B.
886 1195 923 1199 -—-
944 1179 995 1213 3a,
1016 1179 1035 1207 2
1050 1182 1174 1209 Romam
1194 1182 1268 1209 adiit
1287 1183 1322 1210 A.
1342 1198 1381 1202 -—
1401 1180 1453 1214 312,
1476 1181 1490 1209 1

181 1221 291 1246 statum
310 1220 344 1246 A.
366 1233 405 1238 —-
430 1218 480 1253 42„
512 1217 526 1246 1
548 1220 628 1247 Hinc
648 1228 666 1247 a
688 1220 766 1246 totis.
788 1233 824 1237 ——
851 1217 902 1251 Sa,
930 1218 949 1245 4
970 1219 1071 1247 Gentis
1090 1219 1198 1247 Slavae
1218 1221 1381 1256 principem
1400 1220 1434 1247 B.
1467 1236 1485 1239 —

180 1257 231 1323 ἓξ,
244 1254 521 1322 fillffissssruthenis
535 1257 570 1284 A.
590 1272 630 1276 —
649 1256 698 1292 6a,
725 1255 739 1284 1
755 1255 815 1283 Hic
827 1265 879 1291 per
892 1257 998 1284 visum.
1014 1272 1052 1276 —
1072 1256 1122 1289 7a,
1146 1255 1160 1284 1
1175 1257 1258 1284 Nune
1275 1258 1394 1286 Bohemi
1406 1258 1439 1285 A.
1456 1272 1493 1276 —

605 1414 665 1445 107.
697 1414 739 1445 De
761 1414 868 1445 saneto
888 1413 1069 1446 Adalberto.

179 1494 236 1527 la.
262 1494 392 1528 Laudes
418 1494 506 1526 dicat
530 1494 630 1526 omnis
656 1496 744 1526 aetas
868 1494 925 1527 112.
949 1493 1050 1526 Simul
1076 1503 1200 1534 quoque
1223 1495 1244 1528 J
1247 1503 1302 1526 esu
1328 1495 1464 1535 Christo,

260 1541 330 1574 Deo
355 1542 442 1581 patri
467 1550 594 1582 semper
617 1542 719 1573 laetas
950 1541 1009 1580 Qui
1035 1544 1084 1573 est
1108 1542 1193 1574 salus
1217 1542 1335 1574 mundo
1360 1543 1422 1574 isto

311 1589 389 1621 Cum
416 1589 501 1621 dulci
526 1589 726 1631 symphonia,
995 1588 1085 1620 Dans
1110 1592 1201 1630 grata
1225 1589 1378 1624 subsidia.

177 1648 237 1679 Za.
265 1645 325 1685 Qui
351 1646 448 1687 elegit,
470 1646 694 1688 Adalbertum‚
867 1645 925 1678 2b.
947 1645 1031 1677 Dum
1057 1646 1110 1677 hic
1130 1655 1211 1686 puer
1231 1647 1259 1678 it
1283 1647 1324 1678 de
1348 1646 1476 1686 scholis,

260 1693 306 1726 Ut
332 1694 373 1726 de
401 1694 503 1733 spinis
527 1694 644 1726 bonum
668 1692 807 1726 fructum
947 1693 994 1725 Ut
1018 1693 1127 1725 radius
1152 1692 1279 1734 fulgens
1304 1694 1390 1734 solis,

308 1741 347 1773 In
368 1744 457 1773 terra
480 1741 644 1773 Bohemia.
995 1740 1114 1772 Plenus
1138 1741 1201 1773 Dei
1224 1741 1338 1782 gratia,

178 1800 236 1832 3a.
263 1798 362 1838 Virgo
388 1798 505 1830 transit
529 1798 614 1830 viam
638 1797 694 1836 ibi,
866 1797 925 1831 31).
948 1797 1050 1829 Tacta
1071 1801 1161 1829 veste
1184 1798 1334 1838 virginali

261 1846 349 1885 Quae
372 1854 446 1877 mox
470 1847 592 1877 stratur
613 1848 703 1876 tenta
726 1844 788 1876 sibi
946 1845 1032 1876 Puer
1055 1845 1180 1886 plangit
1202 1854 1281 1877 voce
1305 1845 1381 1880 tali:

309 1892 433 1926 scolari
457 1891 591 1932 insania,
995 1892 1145 1925 Commisi
1170 1893 1327 1925 mortalia.

176 1952 236 1984 4a.
263 1949 348 1982 Dum
372 1948 409 1981 fit
432 1950 505 1989 ipse
530 1949 708 1989 episcopus,
864 1947 923 1980 41).
947 1948 972 1981 O
994 1949 1038 1980 mi
1054 1950 1193 1989 praesul,
1221 1950 1339 1982 dormis
1356 1953 1489 1991 tantum,

262 1997 349 2029 Dicit
376 1997 405 2029 ei
428 1997 522 2029 Jesus
548 1997 693 2030 Christus
947 1995 1080 2028 {Iudaeis
1104 1997 1253 2029 venditus
1278 2001 1430 2038 quantum

305 2045 416 2078 Verba
439 2053 518 2077 voce
543 2045 635 2077 talia:
994 2043 1064 2084 Ego
1089 2042 1158 2076 fero
1184 2046 1300 2085 qualia.

176 2104 232 2137 5a.
260 2103 420 2143 Plangens
432 2105 544 2142 pastor
556 2103 690 2135 Romam
702 2102 803 2141 vadit,
864 2100 922 2134 5b.
945 2101 1119 2141 Resignata
1143 2103 1247 2143 gregis
1274 2112 1350 2135 cura

258 2150 386 2183 Summo
413 2159 519 2182 coram
541 2153 635 2190 patre
660 2150 747 2182 cadit
946 2148 1052 2180 Intrat
1076 2149 1257 2194 claustrum,
1283 2152 1354 2191 pati
1379 2151 1460 2184 dura

305 2198 419 2239 Gregis
445 2207 578 2230 narrans
603 2198 692 2238 vitia,
995 2197 1074 2230 Cum
1098 2206 1214 2239 magna
1236 2198 1370 2233 laetitia.

174 2258 230 2290 6a.
257 2255 354 2289 Plebs
379 2258 506 2296 patrem
533 2258 626 2297 rogat
650 2255 767 2298 redire,
864 2253 921 2287 6b.
945 2253 1083 2294 stupens
1108 2256 1213 2296 gregis
1237 2256 1406 2296 miseriam,

254 2303 326 2338 Sibi
349 2304 461 2336 nolens
484 2303 617 2335 obedire
944 2301 1094 2334 Declinat
1118 2303 1151 2334 in
1175 2303 1373 2344 Hungariam

304 2352 486 2386 obcaecata
509 2351 649 2392 miseria,
991 2350 1188 2383 Praedicans
1215 2352 1374 2386 coelestia.
