1653 2632
663 112 923 146 —132—

138 211 199 243 4a.
224 208 336 241 Maltis
360 207 472 241 fractis
497 209 530 240 hi
554 208 744 248 gaudebant,
822 207 883 239 4b.
906 206 947 238 Se
972 206 1129 245 castigant
1154 207 1186 235 et
1210 203 1353 244 fatigant,

222 256 331 288 Plebis
356 256 478 288 scelera
504 254 662 287 deflebant
907 253 985 285 Cibo
1010 252 1091 283 milii
1114 260 1148 282 se
1173 251 1281 283 cibant

268 304 368 336 Prece
390 302 585 342 multifaria,
956 300 1104 332 Colentes
1129 298 1302 338 paschalia.

140 362 195 393 5a.
222 359 309 392 Raro
334 367 449 399 panem
474 359 624 400 habuere,
824 356 882 390 5b.
905 357 1030 396 Aquam
1056 354 1171 386 bibunt
1193 354 1368 392 moderate,

223 406 351 448 Carnes,
378 406 481 445 pisces
504 414 663 445 nunquam
689 404 758 436 fere
907 404 1046 443 Quorum
1070 404 1192 433 mentes
1214 401 1384 433 decoratae

271 453 502 485 Tractaverunt
525 452 681 491 manibus,
953 450 1098 482 Fuerant
1121 448 1303 481 virtutibus.

139 512 195 545 6a.
217 510 336 550 Vigilia
363 509 466 541 noctis
490 509 595 548 prima
824 507 882 541 6b.
904 507 1010 540 Adest
1031 514 1144 538 manus
1167 505 1307 545 inimic-a,

220 557 305 589 Dum
329 555 520 588 resonabant
546 556 655 588 divina
905 554 992 593 Quae
1016 554 1106 586 rabie
1128 552 1292 592 impudica

269 603 391 635 Horum
417 603 513 635 laude
538 606 679 643 pectora,
952 603 1103 634 Fratrum
1127 603 1247 632 tractat
1272 608 1417 639 corpora.

139 663 195 696 7a.
222 659 375 691 Nummos
402 658 491 690 ducis
516 659 729 699 quaesierunt,
823 658 883 691 ¹7b.
905 658 1089 699 Fustigatos
1115 658 1344 689 conculcarunt

222 707 304 747 Quos
328 705 477 738 Meskoni
502 707 691 738 remiserunt
903 705 949 737 Et
971 708 1133 745 postremo
1158 704 1361 737 trucidarunt

267 753 435 786 Barnabae
458 753 619 794 obsequio,
953 752 1061 785 Gladii
1086 752 1253 792 supplicio

139 814 195 846 Sa.
222 811 370 851 Quamvis
384 811 762 851 gravemmortempassi,
822 809 881 843 8b.
902 810 987 849 Quos
1012 818 1070 848 pro
1095 808 1207 849 poenis
1233 810 1281 840 tot
1303 806 1434 839 inflictis

221 860 353 892 Fratres
377 866 439 890 non
465 860 540 889 sunt
562 860 669 890 mente
685 858 762 889 lassi
905 857 1042 888 Thronis
1068 859 1162 888 ornat
1188 855 1364 887 benedictis

267 905 382 937 Fortes
406 907 439 936 in
465 906 647 945 certamine,
953 903 1024 935 Rex
1049 906 1199 935 aeternae
1222 903 1352 942 gloriae.

214 966 301 995 Grad.
326 974 379 993 ms.
400 965 418 993 S
449 966 555 994 Jacobi
574 966 716 993 Brunens.
745 964 770 992 1.
791 965 863 992 anni
883 961 966 992 1493.
987 978 1026 983 —
1044 963 1127 991 Mel.:
1158 962 1259 991 Gaude
1279 962 1352 989 Sion
1373 962 1450 997 quod

139 1013 271 1041 egressus·

474 1094 533 1126 173.
572 1095 616 1125 De
636 1103 659 1126 s.
680 1093 835 1126 Christino
857 1101 924 1124 cum
944 1092 1112 1124 fratribus.

139 1158 195 1191 la.
221 1158 338 1189 Potens
363 1159 479 1196 rector,
506 1164 605 1187 verax
629 1155 726 1195 Deus,
823 1154 882 1188 1b.
905 1154 968 1186 Hic
993 1154 1097 1185 solent
1120 1155 1153 1185 et
1176 1162 1283 1185 omnes
1306 1153 1386 1193 regi,

223 1204 319 1237 Adsit
344 1203 411 1235 dies
432 1203 603 1243 jubilaeus,
903 1202 1020 1234 Pastor
1043 1201 1135 1233 adest
1160 1209 1216 1232 suo
1242 1201 1340 1240 gregi,

265 1250 415 1282 Fratrum
440 1253 488 1282 est
513 1250 707 1291 solemnitas,
952 1248 1050 1280 Absit
1073 1248 1174 1280 omnis
1199 1248 1324 1280 levitas.

140 1310 195 1341 2a.
221 1307 349 1340 Laudes
374 1308 443 1339 Deo
474 1307 549 1339 dum
574 1306 762 1346 clamabant,
823 1305 882 1341 ab.
903 1305 1061 1337 Miserere
1087 1304 1311 1344 decantabant,

222 1355 312 1387 Tunc
336 1354 475 1386 vicissim
500 1354 693 1394 vapulabant
904 1352 1114 1385 Benedictum
1138 1352 1331 1383 invocabant

270 1402 375 1442 Virgis
400 1410 463 1433 non
486 1410 556 1433 cum
578 1401 708 1441 teneris,
950 1399 1121 1431 Dominum
1148 1408 1218 1430 cum
1242 1399 1394 1433 lacrimis,

140 1461 196 1493 3a.
221 1458 265 1491 Hi
293 1458 333 1490 de
356 1458 463 1490 multis
489 1461 657 1490 tacuerunt
823 1455 883 1489 3b.
905 1456 986 1496 Regi
1012 1455 1141 1488 Christo
1165 1455 1391 1495 adhaeserunt,

220 1506 266 1539 Et
290 1514 325 1537 se
349 1506 463 1537 stultos
489 1505 694 1537 crediderunt
904 1503 1035 1535 Florem
1056 1503 1167 1535 mundi
1185 1512 1249 1534 non
1266 1506 1457 1543 carpserunt

269 1552 473 1584 Detestantes
498 1553 613 1592 omnia,
951 1550 1140 1582 Devitantes
1166 1550 1301 1590 sing-ula.

138 1612 195 1644 4a.
220 1610 332 1642 Maltis
358 1608 469 1641 fractis
493 1610 527 1641 hi
552 1609 735 1650 gaudebant
822 1607 882 1640 4b.
905 1607 947 1640 Se
972 1607 1130 1647 castigant
1155 1611 1187 1638 et
1211 1606 1358 1647 fatigant,

222 1657 332 1689 Scelus
356 1657 460 1696 plebis
487 1660 519 1688 et,
544 1655 704 1689 deflebant
905 1655 985 1688 Cibo
1010 1655 1091 1686 milii
1117 1663 1151 1686 se
1177 1654 1294 1698 cibant,

269 1705 370 1737 Prece
395 1713 465 1736 cum
490 1704 629 1746 assidua,
955 1702 1169 1735 Contemnunt
1193 1703 1346 1742 pascalia.

140 1764 196 1796 5a.
222 1761 390 1801 Lymphae
413 1764 505 1801 potus
530 1761 595 1792 illis
620 1764 725 1801 notus,
827 1759 886 1793 5b.
907 1759 1059 1792 Fratrum
1082 1759 1166 1791 mira
1191 1759 1307 1792 caritas

221 1810 283 1843 Pes
305 1808 468 1849 peccando
493 1817 556 1841 non
581 1811 631 1840 est
652 1813 766 1849 motuS,
908 1807 1085 1847 Dulcisque
1109 1806 1296 1840 fraternitas

271 1856 346 1896 Quis
371 1856 495 1888 audivit
519 1854 623 1890 talia?
958 1854 1031 1887 Non
1056 1855 1181 1895 quaerit
1201 1864 1281 1895 quae
1297 1858 1372 1887 sunt
1386 1865 1454 1889 sua.

142 1917 198 1948 6a.
224 1914 446 1954 Supplicemus
470 1922 555 1945 nunc
578 1913 722 1955 subnixe,
827 1912 887 1945 6b.
909 1913 949 1945 In
973 1912 1129 1952 supremis
1155 1914 1191 1943 ut
1213 1912 1354 1944 locemur

222 1962 270 1995 Ut
292 1961 429 1993 immites
455 1963 581 1993 cessent
604 1961 694 1993 rixae
908 1959 954 1991 Et
974 1959 1018 1991 ad
1043 1959 1157 1990 choros
1181 1959 1366 1991 ordinemur

271 2009 423 2041 Fratrum
447 2017 506 2048 per
530 2008 690 2048 suffragia,
958 2006 1035 2038 Cum
1059 2006 1178 2037 sanctis
1203 2006 1237 2037 in
1261 2007 1374 2047 gloria.

216 2070 300 2097 Miss.
321 2077 374 2096 ms.
394 2069 529 2096 Lucense
549 2070 620 2096 anni
641 2066 724 2096 1483.
747 2066 817 2094 Cod.
835 2066 1035 2094 Strahoviens.
1056 2073 1079 2092 s.
1100 2065 1175 2100 sign.
1195 2066 1229 2093 A.
1242 2081 1282 2086 —
1296 2066 1379 2094 Cant.
1402 2076 1454 2095 ms.

139 2107 371 2143 vissegradense
390 2107 426 2133 V.
448 2106 471 2133 C
491 2115 508 2133 c
527 2117 545 2140 η
566 2114 641 2133 saec.
669 2104 714 2133 15.
740 2113 785 2132 ex.
805 2105 839 2132 B.
858 2118 898 2123 —
916 2104 999 2130 Miss.
1020 2111 1073 2130 ms.
1094 2103 1290 2131 Olomucense
1310 2112 1386 2132 saec.
1409 2104 1455 2132 15.

142 2145 211 2174 Cod.
237 2145 309 2172 bibl.
340 2144 420 2180 publ.
447 2145 462 2171 I
484 2143 497 2171 1
526 2143 552 2172 6.
580 2143 612 2170 C.
631 2159 669 2163 —
689 2143 827 2179 Sequent.
853 2150 906 2168 ms.
933 2149 999 2167 cum
1023 2144 1186 2167 commento
1211 2149 1287 2168 saec.
1316 2141 1360 2169 15.
1383 2142 1453 2170 Cod.

140 2184 279 2218 Pragens.
301 2183 329 2210 X
350 2182 376 2210 G
398 2180 441 2210 18.
462 2182 499 2209 D.
521 2196 552 2200 —-
579 2181 632 2214 lb,
660 2179 674 2209 1
695 2180 756 2207 Hic
775 2182 932 2214 sequentur
954 2186 1053 2205 omnes
1073 2178 1117 2204 rei
1137 2178 1172 2204 A.
1193 2194 1230 2198 —-
1252 2177 1303 2212 22,
1324 2177 1343 2206 2
1362 2180 1455 2207 Bene-

140 2222 250 2248 dictum
279 2220 458 2247 invocabant
478 2220 512 2246 A.
533 2234 571 2238 —
591 2217 648 2252 2a,
675 2216 694 2246 3
713 2218 874 2245 Dominum
901 2225 967 2243 cum
993 2216 1123 2242 lacrimis
1142 2215 1177 2242 A.
1197 2231 1235 2235 —
1255 2214 1273 2242 2
1285 2217 1318 2250 b,
1341 2215 1355 2244 1
1385 2217 1455 2245 dum

141 2258 303 2285 cantabant
323 2258 349 2283 A
379 2273 417 2277 —
437 2255 492 2291 21),
511 2255 530 2284 2
550 2256 589 2284 Se
607 2257 739 2283 vicissim
758 2255 942 2290 vapulabant
958 2253 992 2280 A.
1014 2269 1051 2273 —
1070 2251 1123 2286 2b,
1146 2250 1164 2280 3
1184 2253 1286 2288 Virgis
1307 2263 1368 2281 non
1387 2263 1455 2284 cum

142 2296 251 2323 teneris
271 2295 306 2321 A.
327 2310 331 2314 -
382 2292 435 2329 3a,
457 2294 471 2321 l
494 2295 554 2322 Hic
572 2294 608 2321 de
626 2294 668 2328 D3
689 2293 789 2320 multis
810 2293 1003 2320 cantaverunt
1020 2291 1057 2318 D.
1073 2306 1112 2310 —
1124 2288 1177 2325 4a,
1200 2289 1332 2319 lMattis
1352 2292 1455 2321 stactis

140 2334 180 2366 A3
214 2332 331 2359 Sanctis
355 2332 441 2359 factis
467 2333 504 2359 D.
531 2346 569 2350 —
595 2331 653 2365 5a,
674 2329 692 2357 2
718 2329 910 2365 Deprecando
937 2329 974 2356 D.
994 2342 1032 2347 —-
1058 2327 1118 2363 51),
1140 2327 1158 2356 3
1185 2336 1241 2355 sua
1263 2333 1333 2356 sunt
1358 2330 1395 2358 D.
1415 2347 1455 2352 -

138 2370 209 2398 Mel.
232 2380 270 2391 :-
292 2369 496 2402 Quadriforme
515 2371 631 2404 signum
652 2369 756 2395 crucis.
