1653 2632
686 143 734 148 -—
791 123 953 159 231—

167 220 224 253 3a.
252 219 373 253 Christi
396 221 500 261 legem
527 221 635 253 docuit

252 267 297 300 Et
322 268 405 300 hanc
429 268 500 308 ipse
526 268 628 300 tenuit

300 315 377 347 Pari
401 314 522 356 forma3

169 372 226 405 4a.
254 371 327 404 Jam
354 380 425 403 cum
452 372 570 403 sanctis
593 372 720 412 J'ubilat,

253 418 366 450 Multis
396 419 495 459 signis
520 419 630 451 rutilat

301 466 396 497 Valle
420 469 548 506 nostra3

174 524 230 556 5a.
259 524 322 556 Per
346 523 442 555 istum
468 522 602 554 mirifice

256 571 335 603 Pars
361 570 464 611 gentis
490 569 645 602 Judaicae

258 618 386 650 Desinit
410 620 442 648 et
468 616 582 648 efferae

305 665 389 696 Esse
415 673 517 696 caeca.

176 723 234 755 6a.
260 721 313 753 Da
336 720 448 753 mundi
470 729 625 760 prospera

259 769 415 807 Vitaeque
439 776 581 807 munera,

307 815 361 847 Sic
388 824 448 846 nec
474 815 619 846 clametur

355 871 431 903 gens
456 863 582 895 misera.

856 220 915 254 3b.
937 221 1004 252 Far
1028 219 1115 259 plebi
1142 218 1315 259 distribuit,

938 266 992 299 Sic
1020 276 1039 298 a
1063 265 1147 298 fame
1171 274 1234 297 non
1259 264 1321 296 fuit

987 314 1072 346 Gens
1098 315 1255 352 corrupta.

857 371 916 405 41).
938 370 1098 403 Mactatus
1123 369 1162 401 ab
1188 368 1315 408 hospite

939 417 1101 450 Mercator
1127 417 1220 448 datur
1245 415 1330 448 vitae

991 465 1093 497 Carne
1121 466 1256 503 sumpta.

860 522 918 555 512.
941 521 1073 554 Morbos
1098 523 1199 559 sanat,
1225 518 1350 559 fugiunt,

942 569 1073 612 Febres,
1101 568 1189 599 surdi
1213 567 1354 604 audiunt,

942 616 1060 648 Adhuc
1084 615 1172 655 aegri
1196 614 1338 645 sentiunt

989 663 1080 694 Haec
1100 662 1276 702 praedicta.

863 720 920 753 61).
940 721 1047 760 Pater,
1074 720 1227 756 accelera,

945 767 992 799 Ut
1016 769 1126 798 nostra
1147 766 1279 797 vulnera

996 813 1101 853 Samot,
1127 821 1219 853 quem
1244 811 1351 853 genuit

1040 869 1206 900 puerpera.

253 947 373 982 Antiph.
405 954 458 973 ms.
487 945 742 973 Confraternitatis
769 943 798 972 S.
823 944 941 973 Nicolai
974 944 1011 971 ad
1044 944 1209 977 sprevarios
1250 950 1314 969 :aec
1346 941 1389 969 15.
1418 941 1488 969 Cod.

175 985 320 1013 Mazarin.
339 982 404 1012 464.
424 981 512 1017 (261).
532 997 570 1001 —-
591 981 643 1017 Ia,
666 980 683 1009 2
703 982 836 1010 Nicolao.
855 998 894 1002 ——
915 981 974 1016 612,
999 981 1012 1008 1
1033 981 1137 1016 Mater,
1158 980 1289 1007 accelera
1310 980 1399 1007 durch
1418 980 1491 1006 Ver-

177 1023 267 1051 sehen
285 1022 335 1049 des
354 1022 544 1049 Rubrikator.

558 1131 567 1140 ²
627 1131 687 1162 313.
728 1131 771 1162 De
793 1131 899 1162 sancto
919 1130 1052 1161 Nicolao.

181 1214 237 1247 la.
264 1213 380 1245 Sancte
406 1211 549 1251 Nimiae,

310 1260 412 1292 Beate
435 1258 590 1299 pontifex,

264 1307 331 1339 Nos
356 1308 398 1339 ad
423 1309 549 1346 portum
575 1306 676 1345 trahe,

311 1355 378 1394 Quo
404 1362 542 1385 summus
568 1352 676 1393 opifex

359 1401 486 1441 Regnat
508 1400 701 1440 perenniter.

180 1460 237 1491 Za.
265 1458 315 1490 Tu
338 1460 404 1489 tres
430 1457 587 1497 puellulas

313 1505 390 1536 Tuis
418 1504 538 1536 divitiis

267 1552 389 1585 Fecisti
414 1552 580 1592 sponsulas

312 1600 450 1633 servans
476 1608 496 1631 a
518 1599 605 1631 vitiis

358 1647 404 1679 Et,
428 1647 467 1678 ab
494 1647 612 1686 inopia.

182 1705 236 1737 Sa.
264 1704 314 1735 Tu
337 1702 561 1744 navigantibus

310 1750 413 1782 Maris
439 1750 581 1789 periculo

265 1797 528 1830 Periclitantibus

313 1845 352 1878 In
378 1844 569 1876 adminiculo

361 1892 466 1924 Fuisti
490 1891 655 1923 miserans.

182 1953 241 1985 4a.
267 1950 385 1982 Tribus
407 1948 587 1989 juvenculis

311 1998 342 2029 A
367 1995 436 2029 fero
458 1996 568 2036 judice

265 2045 359 2079 Datis
386 2045 420 2076 in
444 2043 579 2076 vinculis

312 2093 358 2125 Et
387 2102 406 2124 a
431 2090 580 2124 carnifice

362 2139 488 2174 Coactis
514 2148 616 2179 genua

182 2200 242 2233 5a.
270 2199 319 2231 Tu
343 2198 377 2230 in
400 2195 561 2238 pontificis

314 2247 482 2279 Promotus
509 2243 654 2284 culmine,

267 2294 380 2328 Choris
406 2292 558 2333 angelicis

310 2343 349 2376 In
377 2341 458 2374 coeli
480 2340 599 2372 lumine

359 2390 462 2422 Deum
489 2386 706 2428 laudantibus,

868 1210 927 1243 1b.
950 1210 999 1242 Tu
1020 1209 1096 1240 bina
1120 1207 1202 1240 feria

996 1256 1111 1288 Jacens
1138 1254 1301 1287 cunabulis

950 1303 1086 1335 Servans
1108 1302 1242 1343 jejunia(

995 1350 1064 1382 Nos
1089 1359 1109 1381 a
1131 1348 1284 1389 periculis

1042 1397 1219 1429 Praeserva
1241 1396 1370 1436 jugiter.

868 1455 927 1488 210.
950 1454 1061 1494 Tuque
1085 1455 1151 1484 tres
1177 1453 1306 1484 comites

999 1501 1130 1533 Glausos
1152 1500 1185 1531 in
1212 1508 1341 1531 carcere

952 1549 1052 1581 Sanos
1078 1550 1110 1579 et
1134 1547 1268 1587 sospites

999 1595 1138 1628 Salvasti
1161 1595 1264 1626 libere

1047 1643 1118 1675 Tua
1147 1642 1324 1675 clementia.

870 1701 930 1735 3b.
954 1700 1097 1733 Marsum
1121 1700 1289 1739 puerulum

1000 1749 1039 1780 1n
1064 1747 1162 1778 maris
1186 1745 1335 1778 fluctibus

955 1795 1115 1834 Suumque
1139 1794 1298 1825 vasculum

1000 1842 1114 1874 Nautis
1145 1841 1328 1873 videntibus

1048 1889 1154 1920 Fuisti
1175 1888 1326 1921 liberans.

872 1947 931 1980 4b.
956 1947 1100 1986 Utraque
1122 1944 1252 1977 flectere

1001 1994 1176 2033 Flexisque
1206 1993 1338 2033 genibus

956 2041 1109 2075 Subvenit
1134 2049 1272 2081 propere

1004 2088 1107 2121 Salvis
1134 2088 1320 2129 corporibus

1052 2136 1243 2169 Humanitas
1267 2139 1330 2169 tua.

874 2194 932 2228 5b.
954 2193 1082 2226 Dedisti
1106 2192 1248 2224 triticum

1004 2241 1098 2274 Plebi
1121 2239 1289 2272 famelicae

958 2290 1094 2329 Propter
1120 2288 1269 2321 viaticum

1005 2338 1144 2369 Auctum
1168 2346 1231 2369 non
1256 2336 1381 2369 modice

1048 2384 1176 2418 Cunctis
1200 2385 1399 2417 mirantibus,
