1653 2632
666 123 922 159 —277—

158 217 215 250 7a.
242 216 401 250 Virtuosis
423 227 481 250 rex
505 220 659 251 virtutum

239 264 379 297 Praebet
404 266 448 298 eis
474 267 653 299 absolutum

287 312 397 345 Robur
421 314 463 346 ad
487 315 645 355 prodigia,

156 370 214 402 Sa.
242 369 338 401 Sexto
363 370 433 402 loco
458 373 632 411 potestates

238 417 303 449 Per
328 418 461 449 collatas
488 419 658 458 dignitates

289 463 455 497 Deiforme
478 465 654 506 perferunt,

155 521 213 553 9a.
242 521 340 554 Sacer
364 522 443 554 ordo
467 523 665 563 principatus

239 568 302 600 Suo
327 569 396 601 loco
418 569 604 601 sublimatus

286 616 491 657 Principatur
514 617 671 657 subditis;

131 672 174 705 10
183 682 211 705 a.
237 673 417 713 Phalanges
447 674 704 713 archangelorum

239 720 318 752 Sunt
342 721 441 761 legati
465 723 660 753 secretorum

284 767 445 808 Majorum
470 769 512 800 ad
536 768 688 808 homines,

213 852 301 880 Grad.
323 861 375 880 ms.
397 852 544 881 Gracense
564 850 609 880 36.
631 861 707 881 saec.
730 851 773 881 14.

845 221 902 255 7b.
922 222 1109 254 Famulatur
1131 222 1180 254 his
1204 223 1246 254 ad
1269 225 1380 254 nutum

926 271 1063 303 Servans
1087 270 1197 301 horum
1225 271 1429 302 constitutum

971 317 1136 349 Mundana
1164 318 1307 349 materia.

844 373 902 407 8b.
924 374 1046 405 Arcent
1066 374 1172 405 larvas
1198 376 1230 405 et
1252 377 1383 413 penates

923 421 968 453 Et
993 430 1099 452 eorum
1122 421 1306 461 pravitates,

972 468 1032 507 Qui
1053 471 1184 508 peccata
1208 471 1387 508 suggerunt.

844 525 904 558 91).
928 525 973 558 Hi
996 525 1158 565 deponunt
1180 528 1372 565 potentatus,

921 572 1051 604 Mutant
1067 581 1172 615 regna,
1199 575 1323 604 mutant
1342 575 1442 604 status

971 620 1034 652 Pro
1063 620 1196 652 diversis
1221 620 1353 653 meritis.

816 675 899 708 lOb.
924 676 1040 708 Subest
1065 676 1178 708 chorus
1201 677 1401 717 angelorum3

920 724 975 755 Ad
1001 724 1158 755 excelsum
1184 726 1215 755 et
1241 724 1388 755 decorum

968 770 1035 803 Nos
1060 771 1094 802 hi
1119 771 1237 803 ducant
1261 771 1399 803 ordines.

606 991 673 1023 375.
714 992 758 1024 De
778 1000 818 1023 ss.
839 993 977 1033 Angelis.

130 1071 186 1103 la.
213 1071 253 1103 In
279 1072 408 1103 coelesti
432 1071 613 1104 hierarchia

211 1116 440 1150 Praesentetur
464 1119 560 1151 laude
581 1119 637 1159 pia

258 1166 414 1198 Praesens
436 1166 584 1206 jubilatio

125 1224 183 1255 aa.
211 1222 262 1255 Ex
285 1224 433 1263 Aegypto
460 1223 616 1255 castitatis

210 1269 314 1310 Super
338 1270 448 1302 orbem
473 1271 623 1302 vanitatis

259 1317 394 1349 Scandit
418 1320 528 1349 noster
552 1318 684 1357 spiritus

126 1376 183 1408 3a.
210 1375 248 1407 In
273 1373 377 1415 figura
401 1383 569 1414 corporum

209 1422 273 1454 Sub
299 1430 448 1453 mensura
473 1424 649 1461 temporum

256 1469 329 1501 Non
354 1471 429 1500 sunt
452 1469 513 1500 hae
537 1472 681 1508 naturae,

125 1528 184 1560 4a.
211 1526 255 1558 Hi
280 1528 353 1557 sunt
378 1534 492 1557 novem
516 1525 698 1566 angelorum

211 1574 347 1607 Ordines
373 1573 654 1605 subdistinctorum

255 1621 448 1653 Hierarchia
471 1621 611 1660 triplici3

127 1680 184 1711 5a.
211 1678 286 1710 Una
309 1678 376 1710 vita
401 1680 475 1711 sunt
498 1676 651 1719 fruentes,

211 1725 326 1758 Omnes
350 1727 456 1756 tamen
476 1724 656 1756 differentes

259 1772 408 1804 Naturali
433 1772 550 1812 specie,

129 1832 188 1863 6a.
214 1829 310 1861 Felix
334 1829 414 1861 haec
439 1829 617 1868 diversitas,

213 1877 300 1916 Quae
324 1877 372 1908 sic
394 1875 432 1908 fit
454 1876 617 1916 identitas,

262 1924 353 1964 Quod
375 1933 439 1956 non
467 1923 638 1962 dividatur,

130 1984 186 2016 72..
215 1982 383 2022 Seraphim
406 1983 480 2013 sunt
503 1981 697 2021 incedentes,

211 2029 381 2063 Cherubim
406 2029 500 2069 plene
524 2029 670 2069 scientes,

261 2078 383 2109 Throni
408 2077 501 2109 sedes
524 2077 661 2118 judicis3

128 2137 182 2169 82..
210 2135 275 2168 Sed
302 2135 475 2175 disponunt
500 2134 680 2166 dominatus

209 2183 260 2216 De
284 2181 448 2223 ministris,
475 2182 673 2222 principatus

256 2230 473 2263 Ministrando
499 2230 694 2270 praesident,

126 2291 181 2323 9a.
210 2290 273 2322 Per
297 2288 432 2321 virtutes
458 2288 617 2328 angelicas

209 2337 355 2377 Complet
379 2336 466 2368 Deus
490 2334 640 2367 mirificas

255 2385 427 2425 Actiones;

816 1072 873 1104 lb.
895 1072 1071 1105 Jubilemus
1098 1073 1322 1113 collaudantes,

897 1120 980 1158 Quos
1014 1123 1081 1152 tam
1105 1121 1199 1160 digne
1221 1121 1437 1153 ministrantes

941 1167 1044 1198 Decet
1068 1168 1268 1201 collaudatio.

814 1223 871 1255 212.
891 1221 1060 1263 Spiritales
1087 1225 1165 1255 coeli
1190 1225 1272 1256 vitas

894 1270 1064 1310 Nunquam
1076 1271 1170 1309 visae,
1187 1281 1347 1312 nunquam
1362 1273 1438 1304 sitas

943 1318 1065 1351 Intueri
1091 1319 1233 1352 coelitus,

814 1374 873 1407 312.
901 1375 965 1407 Sed
990 1378 1063 1406 sunt
1089 1375 1164 1407 diva
1188 1376 1328 1415 specula,

897 1421 996 1454 Plena
1020 1422 1088 1453 sine
1112 1423 1236 1454 macula

942 1469 1067 1501 Formis
1094 1473 1268 1504 creaturae.

813 1526 872 1560 4b.
895 1526 976 1565 Quot
991 1525 1076 1558 sint?
1092 1529 1215 1559 tantum
1231 1532 1439 1560 numerantur

896 1574 1028 1615 Singuli,
1056 1583 1116 1614 quo
1139 1575 1351 1615 nominantur,

943 1621 1049 1653 Verbo
1075 1622 1137 1653 Dei
1159 1622 1305 1662 simplici.

815 1678 872 1711 5b.
894 1678 1015 1718 Quique
1035 1679 1138 1710 minus
1165 1679 1362 1720 elongantur,

896 1725 1003 1758 Verbo
1028 1726 1127 1766 magis
1152 1727 1388 1766 perlustrantur

948 1772 1101 1805 Claritate
1126 1774 1255 1814 gloriae.

817 1829 874 1863 6b.
896 1829 976 1868 Quia
999 1838 1058 1869 per
1083 1828 1189 1862 officia

899 1877 1037 1917 Quilibet
1063 1879 1094 1908 et
1119 1878 1251 1919 propria

946 1925 1031 1957 Ordo
1059 1925 1281 1966 distinguatur.

818 1981 876 2015 Ἡ).
897 1981 942 2013 Hi
968 1981 1115 2013 dicuntur
1139 1983 1326 2024 assidentes,

900 2029 1025 2063 Cuncta
1045 2030 1128 2070 regit
1151 2034 1377 2070 persequentes

946 2077 1066 2110 Summi
1090 2078 1142 2109 lex
1166 2077 1308 2112 artificiS.

816 2134 875 2168 8b.
896 2134 1112 2167 Potestatibus
1138 2138 1286 2167 arcentur

897 2182 1118 2222 Temptatores
1144 2185 1176 2214 et
1199 2186 1369 2224 terrentur,

943 2230 995 2262 Ne
1018 2239 1075 2262 nos
1099 2231 1192 2262 nimis
1216 2231 1360 2264 incitent.

815 2289 873 2322 eb.
897 2287 1025 2320 Summa
1048 2287 1140 2320 nobis
1166 2289 1358 2330 archangeli,

895 2336 1038 2368 Minores
1064 2334 1172 2368 ferunt
1196 2337 1300 2378 angeli

944 2384 1123 2417 Lectiones.
