1653 2632
706 123 968 158 —198—

191 222 246 253 5a.
272 218 381 251 Verba
408 220 514 259 stupet
538 227 595 251 rex
619 217 773 259 profanus

321 265 523 306 objurgantis
547 266 689 306 virginis,

269 313 373 345 Instat
395 321 476 344 vane
501 314 605 345 cultor
629 322 728 344 vanus

316 359 498 392 Exercendi
520 360 656 392 numinis

363 405 463 438 Vanis
488 407 694 439 caerimoniis.

188 470 245 502 6a.
271 467 437 507 Sapientes
462 469 583 499 evocati

270 514 416 546 Summae
440 515 557 546 cedunt
580 515 719 554 veritati,

264 560 336 593 Non
360 560 435 592 hinc
456 561 533 593 victi
557 562 615 593 sed
639 562 776 593 victores

265 608 311 640 Et
333 607 394 639 hoc
419 616 492 639 casu
518 608 678 641 clariores.

186 670 242 700 7a.
267 668 378 700 Mente
401 667 539 700 fremens
564 678 621 701 rex
647 669 742 701 effera

267 715 375 754 Rotas,
400 716 488 755 ignes
511 719 547 747 et,
569 716 703 749 verbera

266 760 403 802 Profert,
430 762 521 794 offert
547 766 579 795 et
601 771 733 796 munera

313 809 511 842 Victoriosae
534 811 660 851 virgini.

184 871 241 904 Sa.
267 870 343 901 Post
367 879 498 910 agonem
525 876 771 904 consummatum

313 916 447 957 capitali
473 918 629 958 supplicio

265 964 386 1003 Corpus
413 965 479 1004 ejus
506 969 554 997 est
578 967 766 1000 translatum

309 1012 505 1051 Angelorum
529 1011 689 1053 obsequio.

358 1059 398 1090 In
421 1060 537 1091 montis
560 1061 664 1092 sinum
689 1061 788 1093 Sinai.

183 1119 236 1152 9a.
264 1118 328 1150 Ubi
353 1119 489 1158 primum
513 1121 566 1152 lex
592 1122 699 1154 divina

259 1165 342 1197 Lata
365 1164 435 1206 fuit,
462 1168 650 1211 Katharina‚

261 1212 447 1251 Requiesci's
471 1215 552 1246 miro
577 1224 674 1256 more,

261 1259 441 1292 Revirescis
465 1270 546 1293 novo
572 1261 651 1294 flore

308 1305 498 1339 Meritorum
523 1309 636 1348 gratia.

252 1379 335 1407 Miss.
363 1389 416 1408 ms.
436 1381 580 1417 Plagenoe

869 219 928 252 5b.
952 219 1131 252 Meditatur
1154 220 1335 252 malesanus

999 267 1127 306 Agones
1151 267 1343 306 certaminis,

952 312 1017 345 Sed
1041 312 1167 346 infirma
1190 314 1302 354 nequit
1325 323 1437 346 manus

1000 360 1138 393 Obviare
1161 361 1298 393 hominis

1045 407 1171 440 Divinis
1197 407 1367 449 suffragiis.

868 468 926 501 6b.
949 469 1098 508 Quamvis
1121 478 1193 502 sero
1218 470 1284 502 sint
1303 471 1418 504 vocati.

949 516 1023 548 Non
1048 520 1122 548 sunt
1145 526 1217 549 sero
1244 518 1397 558 coronati,

949 564 1032 603 Quos
1058 564 1197 596 caminus
1221 565 1378 605 puriores,

948 612 1057 644 Poena
1081 610 1159 644 fecit
1179 613 1333 652 potiores.

867 671 924 704 71).
945 671 1173 704 Blandimenta
1195 672 1352 713 pestifera

948 719 1046 759 Virgo
1069 721 1194 760 spernit
1217 723 1249 752 et
1273 724 1385 753 tenera

946 767 1062 799 Poenis
1088 768 1218 807 exponit
1240 769 1344 801 latera

993 814 1174 846 Inclamans
1198 824 1313 847 nomen
1339 816 1479 850 Domini.

866 874 923 907 8b.
945 874 1010 906 Hic
1036 875 1076 907 de
1099 876 1250 909 membris
1275 877 1476 911 Katharinae

995 922 1068 963 Jugi
1093 927 1213 955 manat*
1224 923 1380 964 profluvio

948 969 1065 1002 Sacrae
1088 974 1200 1003 nectar
1222 972 1401 1004 medicinae

993 1017 1108 1057 Regali
1132 1017 1287 1051 beneficio

1041 1065 1138 1105 Regis
1162 1074 1271 1106 regum
1295 1067 1432 1100 Adonai.

864 1124 921 1157 9b.
943 1125 1012 1157 Tua
1035 1126 1136 1166 virgo,
1162 1127 1299 1168 Christe,
1325 1138 1422 1168 prece

944 1172 1012 1204 Nos
1039 1176 1165 1213 ereptos
1190 1175 1295 1206 carnis
1321 1175 1419 1217 faece,

944 1219 1116 1252 Debriatos
1141 1222 1214 1253 vivo
1239 1221 1329 1254 fonte

944 1266 989 1297 Et
1012 1271 1157 1307 receptos
1182 1278 1303 1302 summo
1328 1274 1436 1303 monte

993 1313 1121 1346 Summa
1148 1316 1245 1347 donet
1267 1317 1379 1357 gloria.

605 1392 628 1410 s.
658 1385 732 1420 sign.
761 1393 835 1413 saec.
862 1384 908 1414 15.
929 1387 964 1414 A.
984 1402 1023 1406 —
1041 1389 1124 1416 Miss.
1150 1399 1204 1417 ms.
1224 1391 1373 1427 Pragcnsc
1399 1391 1443 1421 14.
1466 1393 1490 1421 O

180 1415 208 1445 3.
233 1425 308 1444 :ae-3.
337 1417 380 1446 14.
401 1419 435 1446 B.
454 1434 492 1438 —
512 1420 598 1448 Grad.
617 1416 677 1449 ms.
699 1423 907 1451 Sti-ahoviense
927 1425 957 1452 H
976 1426 992 1453 Ι
1016 1424 1042 1452 2.
1069 1429 1139 1454 anni
1169 1426 1251 1456 1611.
1274 1430 1304 1457 U.
1327 1445 1363 1449 —-
1383 1431 1442 1463 ὅτι,
1470 1431 1487 1459 5

180 1456 358 1483 testimoniis
377 1456 411 1483 B.
431 1472 469 1477 —
489 1456 540 1491 8a,
562 1457 579 1486 5
601 1461 707 1487 montis
728 1463 833 1488 summi
853 1462 889 1488 A.
909 1478 949 1482 —-
966 1461 1019 1498 8b,
1044 1462 1057 1491 1
1077 1465 1160 1493 Hinc
1179 1466 1214 1494 de
1237 1467 1269 1494 B.

583 1559 649 1591 264.
689 1561 733 1592 De
753 1564 864 1593 sancta
884 1563 1072 1596 Katharina.

184 1627 239 1659 la.
265 1626 329 1665 Eja
351 1635 435 1658 nunc
457 1628 710 1664 Alexandrinam

261 1673 341 1705 Toto
366 1674 438 1705 nisu
463 1675 674 1709 Katharinam

309 1719 531 1754 Collaudemus
553 1724 683 1765 jugiter,

180 1788 237 1820 2a.
264 1785 347 1817 Nam
374 1787 447 1819 dum
468 1788 569 1828 judex
593 1790 772 1824 immolaret

261 1833 362 1866 Idolis
386 1837 418 1866 et
441 1835 489 1867 sic
513 1841 643 1878 erraret,

311 1880 523 1915 Confunditur
545 1893 565 1916 a
590 1885 729 1925 virgine;

180 1947 238 1979 32.
265 1947 351 1978 Victi
376 1947 535 1981 Christum
561 1950 750 1984 confitentur

263 1993 378 2035 Judex‚
401 1995 502 2036 Jubet,
528 2001 565 2029 ut
590 2003 769 2032 crementur

310 2040 378 2072 Nec
401 2042 572 2076 laeduntur
596 2047 741 2087 penitus3

865 1633 923 1666 lb.
945 1631 1036 1666 Haec
1061 1639 1110 1668 est:
1132 1638 1191 1669 illa
1217 1638 1305 1672 Costi
1328 1641 1413 1681 regis

944 1682 1039 1723 Nata,
1066 1693 1166 1724 gnara
1191 1686 1285 1721 divae
1308 1687 1399 1729 legis,

991 1730 1054 1762 Pro
1081 1741 1143 1772 qua
1164 1735 1229 1765 stat
1244 1734 1399 1769 -viriliter.

863 1794 920 1827 ab.
943 1796 1007 1828 Pro
1033 1799 1228 1837 quofclausa
1253 1802 1440 1841 custoditur,

943 1843 1050 1876 Verbo
1074 1854 1218 1886 pugnans
1242 1848 1405 1881 invenitur

991 1891 1117 1925 Victrix
1141 1894 1174 1925 in
1201 1896 1385 1929 certamine.

862 1955 920 1989 3b.
944 1956 1134 1998 Scorpiones
1157 1961 1361 2003 adhibentur,

942 2004 1062 2045 Plagae
1085 2016 1219 2047 magnae
1242 2018 1315 2041 mox
1341 2011 1492 2045 videntur

991 2051 1106 2085 Sanari
1131 2055 1295 2090 divinitus,

181 2106 237 2139 4a.
265 2106 289 2138 O
315 2116 408 2146 quam
433 2107 522 2150 felix,
549 2119 642 2150 quam
651 2113 803 2146 ,columba
860 2117 920 2151 4b.
942 2117 1034 2150 Haec
1057 2121 1197 2161 reginam
1226 2125 1393 2157 coronavit

260 2154 352 2185 Pavit
377 2158 409 2186 et
434 2156 474 2187 de
500 2157 588 2196 cujus
613 2159 723 2192 tumba

308 2200 478 2234 Emanavit
501 2204 622 2245 oleum3

183 2267 238 2298 Sa.
265 2266 352 2306 Orat,
378 2270 467 2300 rotae
496 2269 737 2311 confringuntur

262 2312 308 2345 Et
331 2322 390 2352 per
411 2318 521 2354 partes
546 2319 733 2351 occiduntur

309 2360 404 2393 Multi
429 2365 506 2394 tunc
527 2364 704 2409 increduli3

942 2166 1189 2208 Principemque
1215 2169 1408 2204 confortavit

990 2213 1119 2246 Coelum
1145 2216 1224 2250 dans
1249 2219 1442 2253 aethereum.

862 2276 919 2309 5b.
942 2278 1131 2315 Decollatur
1155 2292 1219 2318 nec,
1241 2285 1401 2327 desperat,

950 2326 1040 2365 Quod
1067 2328 1200 2371 effluxit,
1225 2331 1287 2364 hoc
1310 2333 1363 2365 lac
1387 2339 1459 2367 erat

994 2374 1033 2408 Iu
1058 2377 1192 2412 salutem
1218 2380 1348 2415 saeculi.
