1653 2632
210 235 256 267 3a

206 386 255 417 4a

210 537 266 568 5a.

209 688 265 719 6a.

209 837 264 869 7a.

208 988 264 1020 Sa.

208 1138 260 1169 9a.

183 1287 253 1320 10a

181 1695 239 1728 la.

181 1849 236 1880 2a.

180 2000 238 2032 3a.

176 2151 234 2184 4a.

176 2300 231 2331 5a.

709 157 752 161 —
802 135 871 170 228
919 155 967 160 -—

259 260 265 266 .
293 233 525 273 Principantes.
550 233 750 272 principatus

288 280 446 313 Mundum
462 281 588 312 salvant
601 283 633 311 et
647 280 810 320 praelatus

337 328 461 360 Archos
486 328 568 359 mira
590 328 747 360 nuntiant.

258 412 264 419 .
293 384 403 417 Cuncti
427 385 538 417 vident
561 384 716 416 matutina

292 432 483 471 Creatorem,
510 432 692 472 vespertina

340 479 435 519 Luce,
461 480 544 519 quod
569 479 775 520 producitur3

293 536 484 568 Michaelem
509 538 638 567 nostrae
662 536 767 572 sortis,

291 583 366 623 Quis
382 586 419 614 ut
431 583 530 621 Deus,
548 583 699 622 princeps
717 581 809 614 fortis

338 630 382 662 Et
406 631 577 662 draconem
603 633 778 669 conterens,

294 686 331 718 In
357 686 488 726 Siponto
516 686 744 718 demonstravit

289 733 412 765 Aedem
437 734 552 774 vivam,
579 742 672 772 quam
692 733 811 765 dicavit

339 780 437 812 Tauri
461 780 646 818 residentia,

291 837 341 868 Tu
366 845 399 867 es
421 836 571 875 princeps
597 836 780 877 animarum,

289 883 471 921 Reparator
495 883 667 921 ruinarum,

338 930 403 962 Sed
427 929 572 968 Raphael
597 930 722 961 medela

291 986 410 1018 Missus
437 988 483 1017 est
509 995 528 1017 a
552 994 672 1017 summo
698 985 778 1016 coeli

290 1034 384 1064 Anno
406 1032 508 1064 nostri
529 1032 663 1071 jubilaei

340 1079 470 1111 Gabriel
495 1080 536 1111 ad
561 1080 726 1120 virginem,

286 1137 317 1168 A
343 1145 403 1176 quo
428 1145 502 1167 mox
525 1138 561 1167 ut
585 1136 752 1175 salutatur,

289 1183 395 1216 Verbo
420 1183 483 1215 Dei
507 1182 708 1220 fecundatur.

336 1231 391 1262 Ad
414 1234 565 1262 montana
588 1232 759 1270 properat3

257 1313 264 1319 .
290 1287 471 1327 Michaelis³
499 1286 658 1319 Gabrielis

287 1334 333 1366 Et
356 1340 489 1374 precatu
512 1334 687 1373 Raphaelis

335 1382 411 1422 Fac,
436 1382 526 1421 virgo
551 1381 704 1421 piissima,

892 231 941 265 31>

889 383 947 415 4b.

891 534 947 567 5b.

891 686 950 719 6b.

891 835 948 867 7b.

892 985 950 1018 8b.

893 1135 952 1168 9b.

870 1286 952 1321 101).

945 259 952 265 .
973 232 1058 263 Imus
1084 231 1162 263 ordo
1188 230 1280 262 nobis
1308 231 1400 263 datus

975 278 1087 311 Custos
1113 281 1162 309 est
1186 281 1217 309 et
1241 278 1430 318 assignatus⁷

1019 325 1064 358 Ut
1088 328 1200 357 nostra
1225 325 1407 357 discutiant.

971 383 1067 414 Velut,
1090 383 1138 414 sol
1164 385 1196 413 et
1218 383 1295 414 luna
1318 383 1414 422 plena

972 430 1089 470 Fulget
1114 438 1152 461 ac
1175 430 1270 461 stella
1294 438 1416 469 serena,

1021 478 1080 517 Qui
1105 478 1146 509 ad
1173 486 1225 509 eos
1253 477 1388 510 ducitur.

973 534 1056 566 Dum
1082 534 1252 565 submersit
1273 533 1483 572 Pharaonem,

972 582 1119 614 Sanctam
1147 581 1233 612 cibat
1255 581 1412 620 legionem

1021 629 1107 662 Coeli
1134 637 1249 668 panem
1275 626 1450 659 conferens.

973 685 1037 717 Sed
1057 686 1091 716 in
1116 685 1218 717 Roma
1242 684 1389 724 effugavit

971 734 1097 765 Pestem
1123 733 1235 768 diram,
1257 741 1351 772 quam
1368 730 1494 773 fugavit,

1017 780 1113 811 Ensis
1143 778 1342 819 refulgentia.

973 835 1123 867 Curativa
1147 835 1251 866 cuncti
1275 835 1388 871 morbi,

970 883 1056 921 Quae
1081 882 1208 913 obvenit
1234 882 1318 913 omni
1341 882 1411 913 orbi

1019 929 1071 960 Ex
1095 929 1199 968 prima
1221 929 1396 968 parentela.

974 985 1073 1024 Quam
1098 985 1239 1016 salutans
1264 985 1310 1016 ait
1334 986 1379 1016 ei:

973 1032 1054 1071 Ave,
1080 1035 1153 1063 tuae
1178 1032 1296 1071 speciei

1021 1079 1186 1119 Reparans
1215 1079 1377 1118 originem.

975 1135 1144 1167 Nuntiavit
1167 1136 1340 1167 Zachariae

976 1182 1107 1214 Gabriel
1131 1191 1254 1222 quoque
1276 1182 1410 1218 Mariae,

1024 1230 1111 1269 Quod
1137 1230 1263 1261 beatum
1290 1233 1429 1270 generat.

974 1286 1021 1319 Ut
1044 1287 1159 1326 repleti
1184 1287 1246 1318 tuis
1273 1287 1363 1318 donis

974 1332 1182 1366 Perfruamur
1207 1334 1287 1365 coeli
1308 1333 1399 1365 bonis

1021 1381 1068 1413 Et
1090 1381 1158 1412 vita
1180 1381 1354 1420 potissima.

257 1466 394 1503 Sequent.
409 1475 462 1493 ms.
471 1465 648 1493 Praedicatt.
661 1465 844 1493 Craooviens.
859 1474 882 1492 s.
893 1466 968 1500 sign.
982 1473 1057 1492 saec.
1070 1464 1114 1493 15.
1126 1465 1160 1492 A.
1171 1480 1209 1484 —
1223 1466 1305 1493 Miss.
1314 1465 1493 1493 Praedicatt.

180 1505 249 1540 imp.
266 1505 400 1532 Venetiis
425 1502 507 1532 1523.
527 1504 560 1531 B.
580 1518 619 1522 —
637 1503 722 1531 MeL:
744 1502 846 1531 Gaude
865 1503 937 1531 Sion
957 1503 1035 1538 quod
1055 1511 1197 1538 egressus.

620 1613 687 1646 308.
728 1615 772 1645 De
789 1615 900 1645 saneta.
918 1613 1045 1645 Moniea.

265 1695 438 1734 Augustini
461 1694 567 1734 magni
591 1695 694 1733 patris

262 1741 371 1781 Atque
394 1750 469 1773 suae
493 1741 566 1781 piae
589 1742 701 1773 matris

310 1789 439 1822 Laudes
466 1792 498 1820 et
520 1790 692 1828 praeconia

263 1846 371 1879 Mater
396 1850 485 1878 casta
506 1845 571 1878 fide
595 1856 703 1887 gnara,

263 1895 340 1927 Vita
366 1895 462 1932 clara,
488 1893 612 1926 Christo
640 1902 723 1936 cara,

309 1941 400 1974 Haeo
424 1942 519 1973 beata
541 1941 680 1984 Moniea‚

264 1999 360 2031 Felix
383 1998 486 2029 imber
507 1998 711 2029 lacrimarum

262 2046 328 2085 Quo
354 2045 472 2077 effulsit
495 2048 560 2076 tam
583 2046 783 2084 praeclarum

307 2093 432 2124 Lumen
455 2093 488 2123 in
514 2091 657 2131 ecclesia,

260 2150 337 2181 Plus
361 2149 495 2188 accepit,
522 2157 615 2187 quam
638 2147 763 2187 petivit,

260 2197 284 2229 O
309 2205 403 2235 quam
425 2196 507 2226 miro
531 2198 608 2226 tune
631 2194 759 2234 gestivit

306 2243 444 2282 Spiritus
469 2242 621 2281 tripudio.

259 2298 348 2329 Haeo
373 2298 479 2337 egenis
503 2297 697 2328 ministravit

256 2344 302 2376 Et
324 2345 359 2376 in
384 2345 429 2375 eis
455 2344 615 2377 Christum
638 2343 738 2382 pavit,

303 2391 411 2422 Mater
439 2391 525 2422 dicta
548 2398 732 2429 pauperum.

865 1693 923 1726 lb.

866 1845 923 1878 2b.

866 1997 923 2030 3b.

862 2146 921 2178 4b.

861 2295 920 2329 5b.

947 1693 1159 1725 Decantemus
1184 1696 1372 1725 venerantes

945 1741 991 1772 Et
1014 1743 1125 1781 optata
1150 1741 1347 1773 celebrantes

994 1788 1101 1820 Hodie
1125 1789 1287 1821 solemnia.

946 1845 995 1877 De
1018 1845 1153 1885 profano
1178 1850 1385 1886 propagatum

947 1893 1041 1925 Nunc
1062 1894 1129 1932 Jam
1153 1894 1239 1933 parit
1263 1903 1354 1924 suum
1382 1896 1490 1927 natum

995 1941 1032 1972 In
1057 1939 1122 1972 fide
1148 1940 1312 1973 catholica.

944 1997 1047 2028 Multo
1072 1996 1149 2028 fletu
1178 1997 1354 2033 seminavit,

948 2043 1085 2076 Germen
1109 2044 1188 2075 uber
1212 2043 1389 2083 reportavit:

991 2091 1117 2122 Metens
1140 2091 1175 2122 in
1199 2091 1331 2122 laetitia.

944 2146 1083 2178 Gemens
1106 2149 1215 2178 natum
1240 2145 1305 2178 fide
1328 2148 1442 2184 ratum,

944 2193 1007 2225 Sed
1034 2198 1066 2225 et
1091 2193 1217 2225 Christo
1238 2194 1305 2232 jam
1328 2195 1487 2224 sacratum

990 2240 1092 2271 Tanto
1116 2240 1230 2271 mentis
1255 2239 1371 2272 studio.

943 2295 1059 2328 Curam
1086 2305 1198 2336 gerens
1221 2294 1417 2327 infirmorum

939 2342 1045 2382 Lavit,
1071 2342 1186 2374 stravit
1210 2345 1242 2373 et
1266 2350 1373 2373 eorum

988 2390 1095 2421 Ter-sit
1117 2389 1227 2420 sordes
1252 2389 1430 2425 vulnerum,
