1653 2632
713 116 875 151 —263
926 136 969 141 —

181 210 240 243 6a.
268 210 402 249 Quidam
428 214 525 244 testes
550 215 623 244 sunt
648 221 756 245 earum
870 213 929 247 6b.
951 213 1005 246 Ad
1028 214 1201 246 vindictam
1225 214 1386 246 nationum

263 257 309 290 Et
334 262 497 291 consortes
522 260 696 301 gratiarum
952 260 1047 301 Signo
1072 260 1179 293 ferunt
1201 261 1383 300 passionum

311 306 479 339 Praesules
507 311 539 339 et
560 308 690 348 milites,
1001 308 1132 340 Gladios
1157 309 1321 348 ancipites.

180 364 198 396 7
211 372 240 397 a.
268 362 353 402 Quae
378 363 453 396 dum
474 364 577 396 Roma
601 365 746 405 redeunt,
872 365 930 398 7b.
953 366 1069 405 Spreta
1089 365 1199 397 mundi
1223 365 1325 405 gloria

267 411 307 443 111
329 411 477 452 Agrippa
501 412 637 444 subeunt
950 412 1079 444 Mutant
1102 413 1286 444 transitoria

317 457 450 490 Gladios
472 458 671 498 Hunnorum,
1001 460 1065 493 Sub
1090 469 1147 500 spe
1167 458 1353 492 futurorum.

182 517 241 549 8a.
267 515 463 547 Bethsaidae
487 518 562 547 sunt
584 516 718 556 piscina,
872 516 931 550 8b.
952 516 1034 548 Boni
1058 517 1161 557 pisces
1185 517 1219 548 in
1243 526 1369 558 sagena,

266 563 353 603 Quae
376 561 415 595 fit
438 563 542 603 aegris
567 563 727 595 medicina
952 563 1069 603 Quibus
1096 564 1238 596 Christus
1265 567 1313 595 est
1335 565 1369 596 in
1398 573 1495 597 coena

315 610 369 642 Ad
392 610 521 642 virtutis
546 610 702 650 bravium,
1001 611 1119 643 Salutis
1148 611 1309 645 cibarium.

186 668 242 700 9a.
269 667 356 707 Ergo
380 669 490 706 patres
516 670 548 697 et
573 667 710 709 puellae,
874 667 932 700 91).
954 667 1000 700 Ut
1023 669 1136 700 tentati
1160 677 1223 700 non
1246 669 1418 708 vincamur,

269 713 341 747 Jam
367 714 474 746 divino
500 716 611 753 pastae
634 714 740 754 melle,
955 714 1066 747 Laude
1090 717 1196 747 vestra
1217 714 1394 755 fulciamur,

274 762 341 794 Nos
366 764 502 801 purgate
525 762 611 793 omni
634 760 711 793 felle
956 761 1020 794 Sed
1043 763 1157 794 laetari
1180 771 1356 795 mereamur

316 808 452 841 Vestrae
476 809 581 849 precis
607 809 719 849 gratia,
1005 809 1204 850 Sempiterna
1228 811 1338 851 gloria.

262 875 346 902 Miss.
367 882 420 901 ms.
445 874 663 902 Cremifanense
682 871 739 902 339
763 881 838 901 saec.
861 873 905 902 15.
925 889 964 893 -—
982 873 1033 909 312,
1056 874 1070 902 1
1092 875 1185 909 Α111110,
1199 877 1329 912 gemmis.
1349 891 1352 895 ·
1406 874 1455 909 4a,
1477 874 1492 903 1

184 913 220 940 In
240 914 272 940 in
293 912 391 940 choro.
405 927 443 931 —
457 911 473 939 5
482 920 507 946 a,
524 912 538 939 1
561 914 637 940 setzt
650 913 735 940 einen
747 912 831 940 Nom.
845 915 938 939 neutr.
954 913 1106 940 flosculum
1118 921 1234 940 vorans.
1248 928 1284 932 —-
1297 914 1314 941 5
1323 922 1348 947 a,
1369 911 1387 941 3
1403 914 1495 947 Quam

187 951 341 979 Gerasina.
362 965 401 970 —
420 949 471 985 5a,
492 948 512 977 4
530 950 625 977 Duxit
645 958 671 977 a.

614 1032 673 1064 361.
714 1032 757 1063 De
776 1032 883 1063 sancto
904 1032 1072 1064 Victorino.

187 1095 243 1127 la.
273 1092 398 1125 Christo
422 1093 503 1131 laus,
530 1093 583 1132 qui
602 1093 767 1125 Victorino
876 1093 932 1126 lb.
955 1094 1137 1125 Victorinus
1160 1094 1193 1126 in
1220 1095 1345 1127 deserto

270 1140 349 1173 Cum
374 1148 523 1180 germano
550 1140 701 1172 Severino
955 1140 1072 1172 Lustro
1097 1151 1132 1174 se
1156 1142 1322 1174 recludens
1350 1145 1434 1174 certo

317 1188 459 1220 Contulit
484 1188 643 1219 coelestia.
1003 1187 1158 1220 Refutans
1184 1190 1358 1221 terrestria.

187 1247 243 1278 2a.
273 1244 372 1283 Quem
395 1244 429 1275 in
453 1247 547 1276 nocte
571 1245 773 1284 attemptavit
875 1244 932 1276 ab.
955 1243 1162 1277 Defrautatus
1187 1246 1226 1277 ob
1252 1249 1373 1278 reatum

271 1292 368 1324 Satan
395 1295 427 1322 et
452 1292 679 1323 contaminavit
955 1291 1165 1324 Durissimum
1192 1294 1275 1325 cavit
1298 1297 1431 1325 stratum

315 1339 421 1371 Luctu
445 1341 482 1370 ut
505 1340 656 1378 puellula.
1005 1339 1162 1371 Gradiens
1188 1349 1227 1372 ex
1252 1341 1376 1373 cellula.

189 1398 244 1430 3a.
270 1396 316 1428 Et
338 1394 473 1435 infigens
498 1394 571 1435 fago
599 1396 697 1427 durae
875 1395 934 1430 3b.
956 1395 1105 1428 Tonitrus
1133 1406 1150 1428 e
1177 1398 1262 1429 coelo
1287 1406 1381 1429 ruens

268 1443 395 1482 Manus,
419 1443 551 1482 plantae
573 1447 611 1474 ut
634 1443 792 1475 scissurae
956 1443 1078 1484 Fagum
1102 1445 1202 1484 trivit,
1229 1445 1286 1476 sed
1308 1446 1391 1476 hunc
1406 1447 1497 1477 tuens

315 1490 470 1522 Aboleret
495 1490 636 1523 crimine.
1003 1490 1091 1523 Deus
1117 1500 1187 1523 cum
1211 1492 1391 1526 munimine.

187 1549 242 1581 4a.
269 1547 430 1579 Amiterni
455 1549 532 1578 tunc
555 1547 683 1579 beatum
873 1547 932 1582 4b.
953 1547 1000 1580 Ut
1023 1551 1187 1588 praeesset
1209 1550 1405 1588 praenotatis

269 1595 448 1635 Elegerunt
470 1595 504 1626 in
529 1596 708 1634 praelatum
956 1596 995 1627 In
1021 1596 1173 1628 doctrinis
1198 1597 1377 1629 sanctitatis

314 1642 362 1674 Et
384 1645 548 1681 pastorem
572 1642 731 1683 gregibus,
1003 1643 1048 1674 Et
1072 1646 1253 1675 sanctorum
1278 1645 1417 1677 sedibus.

188 1702 241 1733 5a.
270 1699 336 1738 Quo
362 1699 471 1731 audito
498 1700 616 1732 Caesar
640 1699 750 1731 Nerva
875 1699 932 1732 5b.
957 1699 1141 1732 Simulacris
1167 1701 1221 1740 qui
1244 1701 1347 1733 libare

268 1746 366 1779 Hunc
389 1746 535 1779 traduxit
561 1755 631 1778 cum
656 1749 784 1780 caterva
957 1746 1094 1786 Sprevit,
1123 1748 1239 1780 docens
1265 1749 1400 1781 adorare

317 1794 411 1826 Forti
435 1794 469 1825 in
488 1794 644 1833 exsilium,
1005 1794 1113 1826 Solum
1137 1795 1199 1827 Dei
1222 1795 1332 1827 filium.

188 1853 243 1886 ea.
271 1851 363 1883 Tunc
386 1859 517 1890 praeses
541 1851 733 1883 Aurelianus
875 1851 934 1885 6b.
956 1850 1053 1883 Hunc
1076 1853 1242 1892 suspendit
1267 1862 1363 1893 super
1387 1854 1489 1887 undas

268 1898 349 1931 Mox
360 1898 395 1930 in
407 1900 550 1930 sanctum
563 1899 692 1930 mittens
705 1907 815 1930 manus
957 1898 1159 1932 Putrefactas
1185 1903 1218 1932 et
1240 1901 1438 1942 immundas3

317 1947 355 1979 In
380 1955 505 1978 sursum
531 1955 599 1978 cum
624 1946 759 1986 pedibus
1005 1947 1058 1979 Sic
1082 1957 1101 1979 a
1124 1948 1235 1980 mundi
1261 1949 1410 1981 caedibus

189 2006 207 2038 7
219 2014 247 2038 a.
274 2004 403 2044 Martyr
429 2003 549 2036 Christi
575 2006 623 2035 est
647 2006 774 2043 ereptus
879 2004 935 2038 7b.
958 2004 1056 2045 Ergo,
1081 2009 1204 2046 martyr
1231 2005 1359 2047 Christi,
1386 2010 1456 2040 asta

272 2052 353 2084 Tota
379 2060 503 2092 quoque
527 2052 755 2083 circumvectus
960 2052 1075 2084 Coram
1098 2053 1212 2085 throno
1237 2057 1340 2086 matre
1364 2058 1461 2097 casta,

317 2099 454 2132 Coelesti
478 2100 610 2132 laetitia.
1005 2102 1147 2140 Impetra
1169 2102 1292 2133 solatia.

189 2159 244 2191 8a.
271 2156 463 2197 Meydburg‚
475 2155 816 2200 faustaurbs,1actare‚
876 2157 934 2191 8b.
959 2157 1080 2198 Corpus
1105 2158 1198 2198 huJus
1223 2160 1415 2201 apportavit,

272 2204 390 2237 Caesar
414 2204 488 2237 Otto
514 2205 599 2245 quod
623 2213 682 2244 per
704 2213 792 2236 mare
958 2206 1017 2246 Qui
1041 2206 1209 2246 languores
1231 2207 1380 2248 effugavit

317 2252 393 2285 Tibi
418 2255 451 2284 et
474 2252 651 2287 Saxonibus
1006 2253 1116 2287 Saevis
1142 2263 1211 2286 cum
1238 2256 1453 2290 daemonibus.

264 2318 351 2348 Grad.
373 2327 426 2346 ms.
453 2327 530 2347 saec.
560 2316 604 2347 15.
627 2318 699 2346 Clm.
722 2319 891 2347 Monacens.
912 2317 949 2347 23
957 2316 1021 2348 286.
1041 2335 1081 2340 —
1098 2321 1183 2348 Mel:
1206 2320 1307 2349 Gaude
1326 2322 1400 2350 Sion
1424 2323 1503 2360 quod

186 2366 329 2425 ἓξγῃξεὲξ..
349 2373 389 2377 -
408 2356 460 2393 ab,
482 2356 499 2385 2
519 2357 714 2385 Larissimum
733 2357 789 2386 Hs.
805 2373 843 2379 -—
855 2356 908 2394 4³2
931 2356 945 2385 1
966 2358 1126 2394 Nyturnini
1139 2360 1192 2388 Hs.
1216 2375 1249 2379 -—
1273 2359 1324 2396 Ga,
1348 2359 1366 2389 3
1381 2361 1502 2390 Sursum
