1653 2632
688 134 944 170 —185—

179 218 238 251 3a.
264 219 358 253 Licet
381 231 460 256 aevo
483 225 629 270 juvenili,
868 233 927 266 31).
953 234 1064 267 Cultor
1088 246 1227 270 summae
1251 240 1431 283 probitatis,

263 267 366 301 sensu
391 273 497 303 tamen
519 274 586 313 J'am
611 275 707 317 virili,
947 282 1048 315 Amor
1071 283 1146 316 hinc
1170 286 1361 327 virginitatis

335 317 448 358 Coepit
474 320 649 354 enitescere
993 331 1032 362 In
1061 331 1129 363 vita
1149 331 1329 367 florescere.

178 371 236 406 4a.
265 372 324 406 Cui
348 374 468 408 virtute
492 378 540 409 sic
564 380 698 418 pollenti
863 384 922 417 4b.
945 385 1042 427 Virgo
1067 391 1169 421 mater
1191 391 1369 432 salvatoris,

261 419 300 452 In
324 422 442 454 vestitu
467 424 682 467 praefulgenti
945 433 992 467 Ut
1004 443 1038 466 se
1055 439 1139 467 amet
1152 438 1295 470 omnibus
1313 440 1347 471 in
1364 440 1462 483 horis,

310 469 374 501 Per
400 479 541 504 somnum
568 475 719 514 apparuit
992 482 1128 514 Puerum
1154 484 1323 520 ordinavit.

177 524 236 556 5a.
262 524 393 558 visione
418 528 586 567 animatur,
866 535 923 570 5b.
947 538 1060 578 Coepit
1083 540 1158 572 inde
1182 542 1311 580 pietatis

260 571 385 605 Sertum
412 575 479 614 ejus
505 579 738 618 contemplatur
946 585 990 617 Et
1014 586 1157 619 internae
1181 590 1329 628 puritatis

308 619 495 654 consertum
521 632 560 655 ex
585 626 665 665 olea,
994 632 1034 665 Se
1059 635 1176 666 vestire
1201 637 1321 669 trabea.

174 670 233 701 6a.
259 670 343 702 Dum
367 673 399 704 in
423 674 525 705 virum
552 677 714 719 evasisset,
863 681 922 715 6b.
946 683 1134 718 Patriarcha
1158 687 1351 729 designatur,

257 718 296 749 In
320 719 468 760 Aegypto
495 722 663 756 claruisset
943 731 1176 765 Alexandriam
1200 739 1340 774 vocatur,

303 765 384 805 Ejus
409 766 496 800 fama
520 772 649 812 populo,
990 779 1114 812 Praesit
1134 783 1220 820 justo
1245 783 1347 819 titulo.

175 821 230 853 7a.
255 820 339 854 Cleri
367 824 463 856 decus
490 829 519 857 et
547 836 663 860 corona
861 834 879 865 ¹7
887 832 918 866 b.
940 834 1105 868 Ecclesiae
1131 838 1171 869 de
1195 838 1343 872 thesauro

254 868 437 910 Largiendo
464 878 577 906 cuncta
601 875 683 908 bona
940 881 1009 914 Ix'ec
1034 884 1099 915 aeri
1124 886 1228 924 parcit
1252 895 1309 918 nec
1334 897 1410 921 auro

304 917 370 949 Piis
396 919 429 950 in
455 922 615 963 operibus,
986 929 1144 963 Donando
1169 934 1372 973 pauperibus.

169 972 228 1007 Sa,
254 972 454 1007 Distributor
478 977 621 1010 liberalis
857 984 916 1018 81).
942 984 1005 1017 Sed
1032 995 1091 1026 quo
1116 989 1215 1028 magis
1242 991 1402 1034 erogabat,

253 1019 360 1052 Sensit
383 1032 542 1063 nunquam
568 1030 661 1065 pater
685 1029 759 1060 talis
937 1033 1026 1065 Auro
1051 1035 1151 1074 magis
1175 1036 1357 1070 abundabat

298 1067 467 1102 Defectum
492 1074 654 1114 pecuniae,
985 1080 1075 1112 Dono
1099 1081 1160 1113 Dei
1185 1085 1315 1123 gratiae.

168 1123 223 1155 9a.
250 1124 379 1156 Patrem
404 1127 491 1166 pium
517 1129 706 1172 objurgavit,
854 1134 911 1169 91),
936 1136 1059 1168 Pietate
1086 1138 1273 1182 deterretur,

248 1171 369 1203 Aurum
398 1174 465 1213 eJus
492 1176 676 1210 confiscavit
936 1183 1025 1215 Patri
1050 1185 1152 1217 scelus
1179 1186 1356 1228 confitetur,

296 1219 412 1252 Niceta
436 1223 601 1264 patricius,
980 1230 1102 1263 Reddit
1126 1242 1178 1264 aes
1206 1234 1348 1267 celerius.

141 1272 222 1306 lOa.
249 1274 355 1307 Multa
380 1275 458 1308 fecit
482 1277 568 1311 facta
593 1281 682 1324 mira,
828 1285 909 1320 10b.
935 1286 1126 1319 Offensorem
1151 1290 1184 1320 in
1209 1292 1347 1330 petendo

247 1322 344 1361 Quem
357 1332 416 1355 nec
428 1334 564 1365 unquam
578 1328 686 1368 lingua
697 1330 767 1362 dira
932 1334 1025 1366 Prior
1049 1336 1294 1381 reconciliando,

248 1368 457 1403 Conturbavit
481 1373 548 1406 ulla
570 1375 617 1407 ira
931 1381 1006 1413 Fuit
1028 1386 1122 1421 pater
1146 1384 1179 1415 iu
1204 1386 1339 1418 amando

292 1417 358 1448 Aut
382 1418 592 1461 impatientia,
978 1428 1023 1460 Et
1047 1430 1277 1464 misericordia.

139 1470 218 1504 lla.
246 1472 351 1513 Salve,
377 1479 471 1514 pater
496 1478 720 1521 orphanorum,
825 1483 905 1516 111).
928 1484 1051 1517 Mundo
1076 1489 1142 1518 toto
1166 1492 1344 1528 veneratus,

244 1520 432 1554 consolator
458 1533 636 1565 egenorum,
929 1531 1063 1564 Nostros
1089 1534 1219 1566 absolve
1243 1540 1358 1577 reatus,

241 1569 329 1600 Audi
356 1572 430 1602 vota
454 1572 651 1611 privatorum
931 1579 1046 1612 Coetus
1071 1584 1181 1613 noster
1205 1583 1248 1614 sit
1273 1587 1393 1617 tutatus

289 1616 436 1650 Humano
460 1620 640 1661 praesidi03
975 1626 1026 1658 Ex
1052 1630 1105 1660 tuo
1131 1628 1290 1670 suffragio.

135 1668 215 1703 12a.
242 1671 331 1704 Bone
355 1677 476 1715 pastor,
503 1676 609 1709 hostes
636 1681 712 1718 tere,
823 1681 907 1714 121).
927 1683 1000 1715 Tibi
1026 1684 1081 1724 pia
1105 1688 1179 1717 vota
1206 1687 1322 1728 damus,

242 1719 331 1751 Tuae
354 1721 444 1760 plebi
466 1724 628 1764 miserere,
927 1730 1022 1762 Nunc
1046 1732 1169 1771 assiste,
1196 1736 1227 1764 te
1253 1744 1407 1780 rogamus,

242 1765 325 1805 Quos
341 1769 389 1799 vis
406 1771 524 1808 premit
540 1772 642 1811 gentis
660 1771 759 1814 ferae,
927 1777 994 1809 Nos
1019 1780 1147 1822 tuendo,
1173 1789 1214 1812 ne
1237 1783 1408 1821 perdamus

239 1813 330 1845 Bona
353 1816 442 1854 pacis
468 1816 520 1849 fac
544 1819 655 1851 videre
928 1824 1021 1856 Vitae
1045 1825 1137 1866 bona,
1164 1836 1245 1867 quae
1270 1835 1414 1869 optamus

286 1861 324 1893 In
350 1865 513 1902 praesenti
538 1867 683 1908 saecu103
973 1873 1140 1905 Advenire
1165 1876 1286 1909 sedulo.

205 1916 288 1944 Miss.
311 1926 364 1945 ms.
387 1916 483 1956 Capit.
505 1920 690 1951 CracovienS.
713 1922 739 1952 6.
761 1933 836 1953 saec.
858 1924 902 1955 15.
924 1928 988 1955 add.
1009 1937 1084 1957 saec.
1106 1927 1179 1958 15'16.
1201 1947 1239 1951 —
1258 1933 1327 1961 Mol.
1343 1934 1444 1969 jeden-

127 1952 211 1981 falls:
239 1955 346 1983 Lauda
365 1957 446 1985 Sion.
466 1975 505 1979 —
524 1957 584 1994 3b‚
614 1960 628 1989 1
651 1962 753 1989 Cultor
776 1964 870 1992 factus
897 1973 1027 1994 summae
1047 1968 1101 1995 Hs.
1120 1983 1158 1989 —
1178 1967 1237 2004 31),
1265 1969 1283 1998 2
1303 1972 1344 1999 Et
1363 1981 1445 2002 amor

127 1991 199 2019 hine
217 1994 272 2021 Hs.
294 2009 330 2013 —-
351 1993 406 2027 4b,
431 1995 446 2024 1
468 2001 562 2025 mater
581 2001 674 2027 nostri
694 2000 851 2030 salvatoris
872 2003 925 2031 Hs.
946 2020 983 2024 —
1004 2004 1054 2039 7b,
1076 2004 1094 2032 2
1108 2008 1171 2034 aeri
1189 2011 1320 2045 pepercit
1337 2011 1391 2039 Hs.
1405 2028 1443 2033 -—

127 2028 179 2066 91),
201 2029 219 2059 3
239 2031 348 2060 Reddit
367 2035 409 2062 eis
431 2035 554 2064 celerius
574 2037 628 2065 Hs.

478 2109 544 2140 247.
584 2110 628 2141 De
649 2119 672 2142 s.
696 2111 838 2145 Johanne
857 2114 1076 2156 Evangelista.

813 2169 873 2203 11).
899 2171 985 2211 Quae
1010 2173 1162 2206 virtutum
1186 2175 1348 2215 plantaria

893 2218 1000 2251 Mittit
1025 2221 1149 2254 colente
1173 2224 1276 2263 gratia

126 2159 186 2194 la.
213 2161 312 2203 Virgo
337 2168 441 2196 mater
466 2166 601 2198 ecclesia

205 2209 366 2242 Decantet
390 2212 423 2243 in
448 2213 572 2246 laetitia

254 2257 488 2299 Sempiternum
513 2261 666 2303 Alleluja,

121 2315 179 2347 2a.
204 2315 249 2348 Et
274 2316 401 2349 redolet
424 2317 560 2351 mirifica

202 2363 299 2405 Regis
325 2365 374 2397 sui
400 2368 583 2406 praesentia

249 2411 340 2445 Sicut
365 2414 446 2446 cella
471 2415 605 2457 vinaria,

939 2267 993 2299 Ad
1020 2269 1178 2302 coelorum
1202 2271 1333 2311 palatia.

810 2322 869 2356 21).
894 2323 957 2356 Est
981 2328 1013 2357 et
1039 2326 1148 2359 domus
1175 2327 1323 2370 eburnea,

892 2372 930 2404 In
956 2382 1019 2414 qua
1045 2375 1206 2408 delectant
1229 2378 1320 2410 varia

941 2421 1065 2463 Myrra⁷
1091 2427 1181 2464 gutta
1207 2428 1239 2457 et
1265 2427 1359 2459 casia.
