1653 2632
681 102 918 137 ,88-

146 200 164 232 7
172 208 201 233 a.
227 199 282 230 Ad
307 199 443 230 Polonos
467 198 544 230 inde
568 197 668 240 vadit⁷

143 351 199 384 8a.

143 502 198 534 9a.

142 705 191 724 sae

145 898 192 930 la

144 1050 198 1081 2a.

143 1200 198 1232 3a.

142 1351 198 1382 4a.

143 1503 198 1536 5a.

143 1654 199 1686 6a.

138 1925 189 1960 61),

143 2269 198 2300 2a.
227 2267 331 2306 Supra
354 2270 479 2308 petram
503 2268 558 2309 qui
582 2266 731 2299 fundavit

230 245 413 277 Volentibus
436 246 502 277 illis
527 244 629 277 tradit

273 293 368 325 Dona
391 293 558 333 spiritalia,

225 350 319 383 Viam
344 358 494 381 recusans
519 350 631 381 salutis

226 397 368 430 Genibus
394 399 537 428 sanetum
559 395 737 436 provolutis

275 444 359 476 Gens
385 444 503 476 occidit
526 443 633 483 impia,

224 500 320 533 Unde
341 500 460 540 gaudet
482 499 644 541 Bohemia‚

223 548 304 587 Ejus
330 547 435 579 colens
461 546 614 578 solemnia

273 594 319 626 Ut
340 592 423 625 festa
445 593 628 633 pasohalia3

215 659 301 686 Miss.
322 666 374 685 ms.
400 658 548 694 Pragenst.
568 658 639 686 XIV
662 657 714 686 138
735 666 810 686 saec.
833 656 877 686 15.
898 658 932 686 A.
953 675 956 678 -

830 198 886 230 7b.

830 347 887 381 8b.

829 498 886 531 9b.

193 705 217 724 o.
241 694 285 723 15.
306 697 338 724 Β.
358 710 397 715 —
417 693 468 729 221,
490 693 508 722 2
525 696 650 723 fructum
673 705 781 724 novum
800 697 835 724 A.

908 198 994 229 Hinc
1026 198 1176 230 Prussiae
1200 198 1323 230 intrans
1347 201 1456 239 partes

910 244 1050 276 Damnat
1077 244 1185 276 dicens
1208 246 1320 278 surdas
1346 248 1431 278 artes

956 291 1046 323 Haec
1070 293 1145 323 sunt
1166 290 1347 327 infernalia.

912 348 1062 380 Sanctum
1081 356 1195 387 corpus
1210 348 1285 380 dum
1297 352 1453 388 portatur.

911 394 1003 426 Salus
1029 394 1133 434 aegris
1158 397 1367 436 restauratur,

955 441 1011 473 Fit
1035 451 1151 482 magna
1174 442 1307 474 laetitia.

911 498 960 531 Sit
982 498 1052 530 laus
1080 498 1166 538 patri
1192 500 1224 530 et
1247 496 1326 538 filio,

910 546 1026 578 Sancto
1052 546 1145 577 simul
1170 545 1327 585 paraclito

956 593 995 625 In
1019 602 1142 626 aevum.
1189 593 1341 633 Alleluja.

1010 655 1094 686 Miss.
1117 667 1169 686 ms.
1190 659 1339 696 Pragense
1358 658 1374 686 Ι
1393 658 1421 686 D
1436 655 1454 685 3

584 816 647 848 108.
678 817 723 848 De
743 817 849 848 sancto
873 815 1010 857 Aegidio.

195 921 201 929 .
230 896 388 938 Gloriam,
416 895 561 938 Graecia,

224 944 328 976 Tuum
353 943 436 975 enim
460 943 614 975 Bohemia

273 992 453 1023 Veneratur
477 989 596 1031 filium3

223 1047 317 1079 Dono
342 1047 444 1079 sancti
469 1047 601 1087 spiritus

221 1095 344 1127 Mundo
368 1103 449 1133 puer
472 1095 596 1135 genitus

271 1140 479 1173 Diffundebat
505 1142 619 1182 gratia,

225 1198 310 1230 Data
335 1200 424 1230 veste
447 1198 540 1237 pueri

225 1245 317 1278 Salus
343 1245 454 1277 reddit
477 1246 624 1286 pauperi,

273 1292 332 1331 Qui
357 1294 478 1324 vestem
502 1292 670 1333 induerat3

225 1349 383 1381 Mundum
408 1351 508 1381 totum
534 1350 630 1392 exuit,

224 1396 331 1437 Fugit,
360 1396 471 1428 cellam
498 1397 653 1429 construit

272 1444 311 1476 In
337 1444 504 1475 condensis
529 1444 684 1484 veprium.

224 1500 394 1533 Revelavit
417 1500 571 1533 Dominus

225 1548 310 1581 Huic
334 1548 449 1580 Karoli
474 1547 597 1580 facinus

273 1596 310 1627 In
335 1595 451 1627 missae
474 1597 636 1639 mysterio,

225 1652 351 1692 Ser-vm,
377 1655 480 1693 pater,
507 1653 611 1693 visita,

225 1701 308 1740 Quos
334 1700 402 1732 vita
426 1701 602 1740 praeterita

272 1747 394 1780 Gravat
417 1749 502 1780 mole
525 1748 701 1784 criminum.

828 896 887 929 lb.

830 1047 888 1080 2b.

828 1198 886 1232 31).

825 1349 885 1385 4b.

828 1501 886 1535 5b.

827 1653 886 1687 6b.

909 896 1055 928 Militans
1083 897 1217 928 eeclesia

910 943 987 976 Cum
1013 945 1083 975 tota
1109 943 1188 975 ooeli
1214 944 1303 975 ouria

957 990 1164 1023 Commendat
1187 991 1368 1031 Aegidium.

910 1047 1005 1079 Felix
1030 1049 1063 1078 et
1083 1048 1239 1087 gratuitus

908 1095 1075 1134 Ingressus
1100 1097 1133 1126 et
1157 1095 1260 1127 exitus

955 1141 1127 1182 Migrantis
1152 1143 1185 1174 in
1210 1142 1322 1183 gloria.

909 1198 1107 1230 Indumentis
1132 1198 1216 1230 uteri

908 1246 1006 1278 Pellit
1029 1246 1118 1278 virus
1143 1244 1249 1277 funeri

956 1292 1029 1325 Jam
1054 1293 1167 1325 vitium
1190 1293 1316 1325 liberat.

910 1349 1012 1382 Cerva
1037 1353 1178 1382 sanetum
1205 1350 1295 1389 aluit,

910 1396 1044 1430 Cervam
1068 1400 1198 1429 sanetus
1224 1398 1306 1429 eruit

958 1445 989 1476 A
1015 1445 1113 1477 caede
1137 1445 1333 1478 venantium.

908 1500 1021 1534 Refert
1046 1501 1114 1542 regi
1138 1502 1295 1541 protinus,

910 1550 1024 1582 Cessat
1048 1549 1116 1588 ejus
1141 1549 1275 1589 gemitus

955 1597 1065 1629 Poena
1089 1605 1160 1628 cum
1185 1595 1316 1637 flagitio.

908 1654 972 1686 Per
996 1652 1091 1686 beata
1114 1654 1230 1685 merita

909 1700 1030 1733 Nostra
1054 1701 1136 1733 solvi
1160 1701 1269 1733 debita

958 1749 1115 1781 Procures
1142 1749 1183 1781 ad
1208 1748 1388 1781 Dominum.

213 1813 296 1840 Miss.
322 1821 375 1840 ms.
401 1813 545 1848 Plagense
574 1822 596 1840 s.
623 1815 697 1850 sign.
726 1821 802 1841 saec.
825 1811 869 1841 15.
890 1813 924 1840 A.
945 1829 984 1833 ——
1002 1814 1086 1841 Miss.
1107 1822 1160 1841 ms.
1180 1814 1379 1842 Altovadense
1401 1812 1454 1843 119

139 1859 215 1878 saec.
243 1849 288 1878 15.
315 1851 348 1878 B.
370 1866 406 1869 —
429 1850 603 1879 Cantionale
623 1860 676 1879 ms,
698 1851 930 1887 Vissegradense
948 1852 976 1879 V
991 1852 1014 1879 C
1028 1860 1044 1879 e
1057 1862 1076 1887 η
1097 1860 1173 1880 saec.
1196 1851 1240 1880 15.
1263 1851 1293 1879 C.
1314 1867 1352 1871 —
1370 1853 1453 1881 Mel.:

137 1889 215 1916 Veni
235 1891 335 1917 sancte
358 1890 479 1925 spiritus
502 1889 532 1917 O.
554 1905 590 1908 —
615 1889 664 1924 6a,
688 1888 702 1917 1
725 1889 783 1917 Sed
803 1898 857 1917 nos
877 1892 961 1926 pater
982 1888 1012 1918 G.
1033 1905 1071 1910 -—
1095 1889 1145 1923 6a,
1166 1888 1184 1918 3
1207 1890 1354 1919 Gravatur
1368 1891 1403 1918 A.
1417 1906 1454 1910 —

209 1925 228 1954 2
247 1927 356 1955 Nostra
376 1928 465 1955 .olvit
484 1928 569 1956 ABG.

576 2038 639 2069 109.
668 2038 713 2069 De
733 2039 840 2069 saneto
861 2038 1004 2079 Aegidio.

483 2119 514 2151 1.
542 2118 666 2150 Psallat
690 2118 787 2149 laude
811 2119 1003 2158 competenti

543 2165 665 2198 Chorus
692 2164 760 2197 viro
785 2165 923 2205 sapienti

589 2211 756 2251 Condigna
778 2213 960 2251 praeconia.

224 2314 361 2346 Domum
385 2324 473 2347 suam
500 2318 531 2346 et
551 2314 690 2347 firmavit

271 2361 366 2393 Fidei
391 2362 577 2401 constantia,

826 2268 884 2302 2b.

908 2269 1008 2308 Quam
1032 2279 1091 2302 nec
1116 2272 1217 2305 hostis
1242 2273 1438 2308 subintravit

908 2316 978 2348 Neo
1001 2316 1082 2350 flans
1107 2320 1227 2350 tectum
1251 2320 1384 2355 violavit

955 2364 1122 2397 Mundam
1145 2366 1288 2399 laseivia.
