1653 2632
229 227 286 259 9a.
314 226 413 267 Ergo,
441 225 545 266 Clara,
571 235 656 259 nunc
681 226 811 258 declara

359 273 516 306 Virtutem
540 274 587 305 tui
611 273 747 306 nominis

205 330 286 363 lOa.
313 330 381 362 Nos
406 340 426 362 a
449 339 528 362 nece
551 333 607 362 tua
631 339 728 370 prece

313 378 458 412 Christus
473 378 618 418 demptos
631 380 662 409 et
672 380 834 417 exemptos

359 425 445 458 Cura
467 425 624 465 perducat
648 425 769 464 sedula,

729 129 984 165 —135—

916 226 974 259 9b.
995 225 1042 258 Ut
1064 227 1225 265 protectos
1251 227 1283 256 et
1306 225 1443 257 directos

1043 272 1170 304 Ducatu
1192 272 1261 304 veri
1285 272 1413 303 luminis

892 329 973 363 10b.
996 329 1063 362 Ubi
1085 329 1173 360 uncti
1197 328 1265 360 Deo
1288 328 1400 368 juncti,

998 376 1076 409 Cum
1082 384 1142 416 quo
1149 376 1277 416 gaudes,
1285 375 1516 407 canuntlaudes

1043 422 1109 455 Per
1131 422 1257 455 infinita
1280 422 1414 455 saecula.

279 481 365 508 Miss.
395 489 448 508 ms.
470 481 666 509 olomucense
686 488 761 508 saec.
784 478 827 508 15.
849 481 919 508 Cod.
939 480 1011 507 bibl.
1031 479 1111 515 publ.
1131 480 1147 507 Ι
1165 480 1181 507 Ι
1200 477 1227 507 6.
1247 478 1281 505 A.
1302 493 1339 497 —
1358 478 1442 505 Mis-2.
1463 485 1516 504 ms.

203 518 399 546 olomucense
427 527 502 546 saec.
532 518 575 546 15.
598 518 666 546 Cocl.
688 518 759 546 bibl.
781 518 861 554 publ.
882 519 898 546 Ι
916 519 932 546 Ι
953 516 980 545 8.
1000 518 1033 545 B.
1053 531 1090 536 -—
1109 518 1192 545 Miss.
1213 525 1266 544 ms.
1287 516 1516 553 quodlibeticum

200 564 277 584 saec.
307 554 351 585 15.
380 565 422 585 ex.
446 556 515 584 Cod.
536 557 676 593 Pragens.
697 556 757 584 XII
776 557 803 583 A
829 555 874 583 17.
896 556 928 583 G.
949 571 988 575 —
1009 554 1065 590 la,
1089 554 1104 583 1
1131 564 1184 591 per
1210 557 1304 582 ortum
1326 555 1357 582 C.
1378 551 1473 586 ——2a‚
1496 550 1515 579 2

201 595 330 622 Hictone
353 595 382 622 C.
404 610 441 614 —
462 594 479 621 7
491 603 516 629 a,
539 593 554 622 1
575 595 655 622 Dum
675 594 712 621 ad
731 596 854 621 mortem
875 594 906 622 C.
922 610 959 614 —-
974 592 1025 629 912,
1047 592 1063 621 1
1082 593 1124 621 Et
1143 595 1289 629 protectos
1308 593 1340 620 C.
1355 606 1392 610 —
1407 590 1474 626 10a,
1496 589 1512 618 1

201 633 262 660 Nos
283 641 302 660 a
321 633 402 661 faece
423 632 453 659 Ο.
473 648 513 652 -
534 631 607 666 11]),
628 630 646 658 2
668 640 725 668 quc
747 631 821 659 fehlt
838 632 874 659 A.

666 723 723 755 177.
765 723 807 755 De
827 724 937 754 saneta
959 722 1060 754 Clara.

203 784 260 816 la.
286 783 383 815 Lucis
408 792 510 815 novae
535 784 664 816 claritas

330 831 478 863 Illustrat
502 831 678 872 ecclesiam,

283 879 383 919 Quam
407 878 539 919 insignit
563 879 718 910 sanctitas

379 925 472 958 Nova
497 925 620 960 Clarae.

202 984 259 1015 Za.
285 982 377 1014 Haec
400 982 434 1014 in
458 982 570 1014 matris
597 985 687 1014 utero

331 1029 427 1068 Quasi
450 1030 557 1061 lumen
581 1030 711 1061 radians

283 1076 407 1109 Mundo
433 1075 504 1108 fore
528 1076 643 1108 misero

382 1123 621 1163 Praesignatur.

201 1181 255 1213 3a.
282 1180 373 1212 Haec
396 1180 565 1212 Francisci
589 1178 657 1211 filia

330 1228 376 1259 Et
396 1228 479 1266 lapis
503 1227 674 1266 primarius

281 1275 490 1314 Inclusarum‚
516 1274 649 1313 praevia

377 1321 451 1353 Dux
474 1321 613 1353 virtutis.

198 1380 254 1411 4a.
284 1377 497 1411 Crebrescunt
520 1377 676 1408 miracula

328 1425 375 1458 Ob
401 1425 487 1456 vitae
511 1424 726 1465 praeconium,

279 1472 510 1513 Approbantur
538 1471 662 1512 singula

374 1519 458 1551 Fide
486 1520 592 1559 plena.

199 1579 253 1611 5a.
279 1576 370 1609 Mors
397 1576 517 1609 Christi
542 1575 723 1615 praesentia

326 1625 377 1656 Ac
401 1626 547 1655 sacratae
569 1622 702 1663 virginis

280 1672 325 1704 Et
350 1671 497 1704 coelestis
524 1671 613 1702 curia

890 783 948 816 lb.
973 783 1175 816 Praecellens
1199 781 1361 813 humilitas

1017 829 1213 862 Redundans
1238 829 1271 860 in
1296 828 1441 869 gratiam,

971 877 1091 909 Laudis
1118 879 1150 908 et
1173 876 1350 907 sublimitas

1065 924 1144 955 Tam
1170 923 1365 963 praeclarae.

889 981 948 1013 2b.
971 981 1057 1020 Quae
1082 980 1169 1011 clara
1192 979 1354 1019 progenie,

1015 1027 1121 1059 Sacris
1144 1026 1238 1058 rebus
1263 1026 1400 1066 inhians.

971 1074 1035 1107 Sub
1062 1074 1212 1106 virtutum
1236 1074 1319 1104 serie

1064 1121 1248 1160 Regulatur.

889 1180 944 1213 3b.
966 1178 1105 1217 Quarum
1126 1177 1227 1209 multa
1251 1177 1340 1208 milia

1017 1224 1197 1264 Sequuntur
1222 1224 1387 1256 ardentius

969 1271 1124 1311 Ejusdem
1149 1271 1283 1311 vestigia

1066 1318 1130 1358 Spe
1158 1318 1280 1350 salutis.

888 1377 945 1409 4b.
969 1376 1090 1415 Liquor
1114 1374 1229 1406 crescit
1254 1374 1316 1405 olei

1019 1425 1069 1455 Ac
1091 1422 1184 1461 panis
1210 1421 1360 1460 edulium,

971 1471 1052 1503 Pars
1077 1468 1206 1509 fugatur
1230 1467 1306 1500 fidei

1064 1516 1191 1550 Aliena.

888 1574 946 1608 5b.
969 1574 994 1607 O
1020 1583 1113 1614 quam
1139 1573 1243 1604 clarus
1265 1572 1379 1612 exitus,

1014 1621 1078 1653 Per
1103 1629 1196 1661 quam
1221 1620 1305 1652 sacri
1327 1618 1465 1651 flaminis

969 1668 1095 1701 Donum
1119 1667 1211 1700 nobis
1238 1668 1370 1700 coelitus

375 1720 571 1752 Honoratur.
1063 1715 1242 1755 Largiatur.

273 1775 357 1802 Miss.
379 1782 432 1801 ms.
446 1773 821 1801 Franciscano-Romauum
842 1779 917 1799 saec.
940 1769 984 1799 15.
1009 1770 1078 1798 Cod.
1095 1771 1255 1798 Parisiens.
1270 1768 1354 1797 9445.
1370 1785 1408 1789 —
1426 1768 1440 1796 1
1452 1778 1477 1804 a,
1499 1766 1518 1797 3

196 1814 336 1848 insignat.
357 1826 392 1830 —
413 1810 472 1846 2a,
497 1810 511 1838 1
534 1811 598 1838 Nec
616 1811 648 1837 in
669 1811 779 1837 matris*
803 1825 838 1829 —-
858 1807 918 1843 21³,
939 1808 955 1837 1
977 1809 1041 1836 Ave
1063 1809 1156 1842 clara,
1188 1808 1308 1835 letztere
1328 1807 1436 1835 beiden
1456 1807 1516 1834 In*-

197 1852 292 1878 tiimer
312 1849 475 1877 veranlasst
493 1848 585 1876 durch
605 1848 661 1875 den
681 1848 866 1875 Rubricator.

626 1929 685 1961 178.
726 1929 770 1960 De
790 1932 898 1961 sancto
921 1928 1082 1961 Clemente.

199 1995 254 2028 la.
281 1994 387 2026 Adest
416 1992 484 2025 dies
511 1992 657 2031 celebris,

282 2041 351 2080 Qua
374 2039 465 2072 fulsit
488 2039 522 2071 in
547 2039 712 2085 tenebris·

330 2088 449 2121 Divina
474 2087 643 2119 clementia

200 2150 256 2182 2a.
285 2146 408 2180 Chorus
433 2145 487 2177 hic
510 2145 545 2176 in
568 2144 683 2184 gaudio

281 2193 368 2227 Miro
395 2201 467 2224 cum
492 2192 635 2232 tripudio

330 2240 467 2274 Recolat
490 2239 659 2280 supplicia,

200 2302 257 2334 3a.
286 2299 395 2338 Stirpe
420 2297 566 2330 Clemens
588 2296 705 2328 nobilis

285 2346 414 2380 Cunctis
443 2349 492 2378 est
512 2344 657 2377 amabilis

329 2395 471 2435 Fulgens
500 2392 618 2427 Christi
645 2392 759 2433 gratia,

892 1991 949 2024 lb.
972 1990 1045 2023 Jam
1071 1990 1205 2023 detectis
1230 1991 1362 2022 latebris

972 2038 1017 2070 Et
1041 2038 1155 2070 erectis
1180 2038 1363 2078 palpebris;

1016 2086 1114 2119 Pulsa
1138 2086 1348 2119 somnolentia

891 2144 949 2176 2b.
974 2143 1061 2182 Quae
1082 2146 1156 2174 sunt
1179 2145 1251 2175 arta
1276 2144 1378 2184 devio,

974 2191 1039 2224 Sed
1065 2190 1228 2223 Clemente
1250 2191 1381 2230 praevio

1019 2238 1118 2271 Fiunt
1140 2239 1226 2278 justo
1251 2239 1350 2271 mitia.

891 2296 949 2329 3b.
972 2295 1084 2328 Dulcis
1111 2297 1143 2327 et
1166 2295 1312 2340 affabilis,

972 2343 1087 2376 Multis
1112 2344 1319 2384 acceptabilis

1020 2391 1077 2425 Fit
1102 2391 1169 2432 ejus
1191 2393 1383 2432 praesentia.
