1653 2632
721 109 961 143 —32—

634 228 681 261 35.
718 228 755 259 111
776 227 892 259 Octava
913 227 1059 259 Paschae.

706 308 737 339 1.
765 305 964 345 Sempiterno

190 364 244 394 2a.
272 362 395 395 Devote
423 364 588 403 depromat
873 361 932 393 2b.
955 360 1135 393 candidata
1156 365 1260 395 turma

271 410 339 450 regi
364 411 490 444 Christo
515 416 687 450 pneumata
953 408 1084 441 vocibus
1109 419 1193 441 nunc
1218 420 1343 451 supera.

190 467 244 499 Sa.
271 469 369 506 Quem
394 475 511 506 supera
871 464 928 498 3b.
952 465 1048 498 Plebs
1074 466 1213 499 candida

270 514 442 553 splendida
952 513 1081 545 studeat

270 561 412 599 laudant,
438 561 541 601 polus,
567 568 655 592 mare
953 569 1023 592 eum
1047 561 1165 593 sanctis
1192 562 1341 602 dogmata

268 608 430 647 solumque
456 616 525 639 cum
550 607 664 648 gratia,
950 617 1091 648 pangere
1115 610 1269 649 angelica.

186 666 243 697 4a.
269 664 381 696 Laude
406 664 490 695 celsa
513 665 618 696 valeat
869 664 928 697 4b.
950 665 1082 697 Trinum
1107 668 1202 706 atque
1228 676 1362 708 regnare

265 710 367 750 jubilo
392 711 479 743 vocis
502 720 676 752 personare
952 716 983 743 et
1007 722 1104 744 unum
1130 714 1289 747 credendo
1315 716 1433 757 ubique

267 757 388 790 famina
950 768 1010 799 per
1026 761 1152 801 saecla3

187 816 242 848 5a.
267 815 354 846 Ante
378 814 488 846 mundi
512 815 632 846 virtute
870 815 928 848 5b.
950 815 1038 847 Luce
1063 818 1148 849 alma
1172 821 1280 851 creata

267 862 459 901 principium
485 862 593 894 divina
950 863 1128 902 gubernare
1148 874 1208 904 per
1230 867 1346 906 saecla,

267 910 353 940 vitae
376 913 486 949 portas
948 911 1050 950 patris
1077 911 1192 943 doxam

268 957 400 996 perenni
424 957 631 996 resplendere
949 967 1079 989 manere
1101 959 1170 998 poli
1195 959 1262 991 alta

268 1012 337 1035 cum
362 1005 486 1044 potenti
509 1014 568 1036 sua
949 1005 983 1036 in
1009 1015 1071 1045 qua
1096 1009 1145 1037 est
1168 1007 1253 1038 salus

266 1051 440 1091 sapientia3
950 1056 982 1084 et
1004 1053 1075 1085 laus
1099 1056 1239 1088 aeterna.

185 1108 240 1140 6a.
266 1107 451 1139 Altitbrone
867 1109 925 1142 6b.
948 1110 1069 1142 Cruore
1094 1113 1126 1141 et

265 1164 349 1186 nuno
375 1155 563 1197 dominator,
588 1156 725 1195 petimus
948 1157 1081 1197 proprio
1106 1166 1164 1190 nos
1189 1158 1354 1190 redemisti

266 1205 308 1241 te,
334 1203 437 1234 salute
459 1212 518 1242 pro
542 1205 652 1235 nostra
945 1205 1013 1243 ,iam
1039 1207 1204 1237 conterens
1230 1206 1336 1237 zabuli

266 1250 319 1289 qui
342 1250 458 1281 venisti
483 1250 524 1281 ad
546 1249 656 1281 infima
947 1252 1200 1284 machinamenta
1225 1254 1352 1292 callida,

184 1306 239 1338 7a.
264 1305 328 1337 Hic
350 1308 381 1337 et
402 1306 437 1337 in
462 1315 572 1338 aevum
598 1315 786 1339 conservare
867 1308 924 1342 7b.
949 1308 1008 1347 Qui
1034 1308 1179 1341 cubiculo
1205 1311 1360 1342 aeternali

264 1362 322 1385 nos
345 1362 480 1393 semper,
508 1355 689 1393 conspectui
950 1356 1142 1396 coelestique
1165 1357 1284 1399 latitas,

265 1403 301 1431 ut
324 1403 378 1432 tuo
403 1401 559 1440 possimus
950 1403 1083 1443 dignare
1106 1404 1219 1436 audire

266 1448 424 1480 adsistere
449 1449 516 1480 sine
540 1449 673 1482 macula.
948 1451 1183 1490 supplicantum
1208 1453 1389 1493 praeconia,

580 1507 612 1539 8.
637 1505 684 1538 Ut
706 1506 739 1537 in
764 1510 953 1546 perpetuum
978 1508 1120 1540 carmina

637 1553 792 1593 omnibus,
819 1563 920 1595 amen,
945 1564 1120 1595 personare

639 1602 800 1633 valeamus

639 1657 707 1680 eum
733 1649 852 1682 sanctis
879 1650 994 1683 dulcia.

255 1732 343 1768 Trop.
370 1741 422 1759 ms.
448 1731 477 1759 S.
506 1732 654 1769 Ebrulphi
681 1742 756 1761 saec.
784 1731 828 1762 12.
858 1733 926 1762 Cod.
952 1735 1112 1763 Parisiens.
1142 1735 1248 1765 10508.
1286 1737 1343 1765 Mit
1362 1738 1434 1767 Mel.
1454 1753 1492 1758 --

181 1767 230 1802 6³,
251 1769 271 1797 4
290 1771 341 1805 qui
360 1770 440 1798 fehlt.
462 1785 498 1789 —
519 1770 570 1805 712,
591 1770 609 1798 2
631 1771 752 1799 laceras.

633 1891 679 1923 36.
718 1893 753 1924 In
774 1894 962 1925 Ascensione
981 1894 1037 1926 DN.

181 1969 237 2002 la.
264 1969 394 2002 Sursum
420 1972 518 2003 corda
541 1972 741 2005 sublevemus
864 1974 922 2007 lb.
946 1975 1045 2014 Quem
1069 1976 1215 2008 coelestis
1239 1977 1422 2011 hierarchia

262 2017 305 2049 Et
329 2018 524 2058 triumphum
548 2028 753 2059 personemus
945 2022 1040 2054 Dulci
1064 2023 1177 2056 laudat
1199 2025 1391 2065 symphonia

312 2064 486 2097 Salvatoris
511 2067 616 2106 hodie,
994 2070 1101 2102 Titulo
1124 2072 1288 2107 victoriae.

181 2122 238 2153 2a.
264 2120 347 2152 Nam
370 2121 514 2155 infernus
542 2123 707 2163 spoliatur,
863 2125 920 2158 2b.
942 2125 1102 2158 Libertati
1126 2133 1238 2168 captus
1265 2130 1369 2172 datur,

261 2168 434 2201 Paradisus
459 2174 620 2201 reseratur
949 2173 1043 2205 Orbis
1068 2177 1152 2207 totus
1177 2177 1366 2217 gratulatur,

311 2216 420 2248 Crucis
447 2226 517 2248 cum
542 2218 693 2257 victoria;
992 2220 1120 2254 Gaudet
1145 2224 1226 2255 coeli
1251 2224 1348 2255 curia.

181 2273 235 2305 Sa.
262 2272 373 2304 Victor
398 2274 507 2314 surgit,
535 2274 702 2314 animatur,
862 2277 921 2310 3b.
944 2278 1026 2318 Regi
1049 2280 1173 2318 praeda
1198 2280 1375 2324 copulatur,

261 2319 413 2351 Planctus
444 2321 556 2352 matris
582 2325 801 2362 commutatur,
945 2326 1057 2358 Coelos
1078 2327 1216 2367 scandit,
1242 2328 1404 2362 exaltatur

310 2367 544 2408 Conresurgunt
569 2369 702 2408 gaudia3
992 2374 1031 2405 1n
1054 2376 1191 2412 paterna
1213 2375 1325 2414 gloria.
