1653 2632
181 407 237 439 2a.

181 667 236 699 3a.

178 784 236 816 4a.

181 903 236 934 5η.

182 1164 241 1196 6a.

182 1425 237 1457 va.

183 1592 239 1624 8a.

184 1711 243 1742 9a.

161 1971 240 2004 10a.

162 2084 204 2117 11
215 2093 243 2116 a.

165 2292 246 2326 12a.

677 120 938 155 —156—

541 214 605 247 207.
646 213 681 244 In
701 211 921 243 Translatione
942 219 965 241 s.
987 209 1079 241 Fidis.

612 285 644 318 1.
669 283 763 316 Doxa
785 290 845 322 per
869 281 976 313 omnia

671 330 785 362 renitet
809 328 906 361 cosmi
932 328 1061 358 climata

264 405 408 438 Uranica

264 456 369 484 turma
394 451 536 483 concinat

263 500 296 531 in
321 500 395 532 altis
420 498 552 538 gloriam

262 556 301 579 ac
324 555 402 579 voce
427 546 514 577 clara

262 594 395 626 resultet
419 593 569 632 Alleluja.

265 664 352 703 Quae
375 663 475 696 Fides
501 663 636 704 egregia,

263 712 332 744 Deo
359 711 465 743 dicata
489 714 611 750 martyr
635 710 699 750 pia,

264 782 387 822 Nempe
414 786 523 813 exorta

263 830 364 862 nobili
387 830 538 869 prosapia

267 901 352 933 Vera
375 899 477 933 refert
500 901 635 932 histon'a

261 949 333 981 Hac
357 948 483 989 quidem
510 948 550 980 de
575 957 669 980 causa

264 996 384 1036 passim
396 996 584 1036 pervulgata

263 1044 399 1075 intonuit
426 1042 511 1075 fama

264 1092 303 1124 In
325 1091 498 1123 Dacianica
522 1091 623 1123 aulea.

267 1162 349 1194 Tum
373 1163 462 1202 virgo
487 1162 582 1193 beata

264 1210 395 1242 immota

265 1266 368 1297 neque
392 1257 564 1297 perterrita

266 1304 381 1336 affatur

263 1361 341 1384 voce
364 1360 493 1383 serena:

263 1423 350 1455 Hinc
367 1430 463 1454 saeva
487 1424 615 1454 caterva

265 1470 337 1502 neci
360 1472 535 1510 praeparat
557 1470 628 1501 dari
643 1469 786 1501 membra

263 1521 375 1550 tenera
398 1526 457 1557 per
482 1517 649 1557 supplicia.

267 1588 423 1622 Ambusta
447 1587 553 1620 ferens
577 1589 681 1620 latera

264 1637 322 1669 sed
346 1636 487 1669 nondum
514 1636 648 1676 devicta,

268 1708 375 1740 Ducta
399 1708 442 1740 ad
467 1707 601 1739 delubra

268 1755 406 1796 Capitali
429 1755 587 1787 sententia

266 1802 376 1835 finitur
400 1803 590 1836 intemerata

266 1860 359 1883 sacra
382 1853 510 1892 gestans
534 1850 677 1891 praemia

267 1898 385 1931 Juncta
408 1899 565 1939 virginum
591 1898 717 1930 chorea.

267 1971 317 2002 Ac
342 1970 507 2002 custodum
531 1969 694 2009 speculam

267 2018 365 2050 adisti
388 2017 509 2057 agitata

271 2084 295 2116 O
321 2084 417 2116 beata

268 2131 398 2172 vigilum
422 2133 537 2170 turma,

272 2178 379 2218 pande
403 2181 527 2210 secreta

273 2226 383 2257 dilecti
409 2225 535 2266 cubilia,

275 2291 410 2324 Caterva
435 2292 582 2332 theologa

270 2339 437 2379 praedicat
459 2339 582 2370 subisse

270 2387 337 2427 poli
360 2385 473 2418 fulcra.

865 399 923 432 ab.

857 655 925 694 '3b.

865 779 926 813 4b.

867 898 925 931 512.

868 1157 926 1191 6b.

868 1420 928 1453 7b.

870 1587 929 1620 8b.

870 1705 929 1739 9b.

848 1967 931 2001 10b.

849 2080 931 2114 11b.

851 2288 933 2321 12b.

945 398 1031 431 Hinc
1053 399 1159 429 terrea

946 448 1060 478 cuncta
1083 444 1281 485 applaudant

946 502 1029 526 nova
1057 492 1238 534 certamina,

947 540 1122 581 praecelsa,
1148 548 1239 579 pura,

948 588 1043 620 herili
1068 587 1164 620 laude
1190 587 1295 627 digna.

945 659 1160 699 Exsuperavit
1185 660 1298 690 cuncta

947 707 1140 747 prudentum
1156 709 1191 738 ut
1208 705 1466 746 psychomachia.

949 778 1048 811 Sacra
1073 777 1192 817 delegit

950 826 1069 866 pudica
1095 824 1261 858 connubia.

950 896 1120 936 Comperta
1144 897 1181 926 ut
1205 897 1278 926 sunt
1302 893 1431 933 famina,

948 944 1002 976 Ad
1026 942 1199 975 tribunalia

948 990 1117 1033 tyrannica
1142 990 1238 1021 ducta

950 1038 1049 1078 impia
1072 1046 1131 1078 per
1152 1038 1242 1077 jussa

950 1085 1129 1125 Quaeritur,
1151 1094 1191 1117 an
1209 1084 1249 1116 sit
1268 1083 1467 1116 Christicola.

947 1157 1039 1189 Haec
1062 1155 1143 1189 fides
1172 1154 1279 1188 divina

950 1208 1098 1245 suscepta

950 1253 984 1283 in
1007 1254 1114 1284 mente
1139 1251 1255 1283 devota

948 1300 1071 1331 inserta

950 1346 1053 1379 fertur
1076 1347 1187 1387 gratia.

951 1418 1149 1451 Accenditur
1172 1426 1263 1459 pyra,

950 1467 1058 1499 media
1081 1474 1178 1505 super
1203 1465 1356 1497 craticula

950 1515 1054 1546 uritur
1075 1513 1139 1545 Dei
1167 1513 1298 1545 athleta.

952 1585 1084 1626 Tegitur
1110 1584 1229 1617 Christi
1251 1584 1364 1625 gratia,

953 1643 1016 1674 qua
1038 1632 1076 1665 fit
1101 1632 1300 1664 obumbrata.

951 1704 1038 1737 Hinc
1062 1706 1174 1736 tonant
1200 1703 1324 1735 cantica

952 1751 1003 1785 De
1026 1756 1069 1792 te,
1094 1752 1196 1793 virgo,
1221 1750 1402 1792 praelibata

951 1800 1061 1840 sponsi
1085 1807 1219 1839 sequens
1245 1799 1380 1839 vestigia

954 1849 1022 1888 ejus
1046 1846 1150 1879 forma
1173 1855 1308 1879 accensa

955 1896 1109 1929 Cunctam
1130 1895 1252 1935 liquisti
1275 1894 1464 1927 machinam.

951 1966 1148 1999 Exorcizans
1174 1966 1336 2006 quaerum,

955 2014 1122 2047 clamitans
1147 2014 1347 2054 almiphona:

956 2080 1052 2119 Cujus
1077 2078 1180 2112 forma

955 2137 1025 2159 sum
1049 2128 1226 2164 vulnerata,

958 2175 1077 2207 dudum
1102 2175 1198 2207 anxia

957 2231 1073 2262 quaero
1099 2223 1289 2255 exanimata.

955 2290 1054 2329 Quem
1078 2289 1190 2321 cohors
1216 2288 1359 2328 virginea

957 2339 1081 2376 spectat
1101 2334 1218 2367 florida

956 2384 1042 2415 inter
1065 2383 1145 2416 lilia.
