1653 2632
688 120 948 156 —131—

162 207 219 239 3a.
248 208 457 242 Praedicator
478 211 618 254 inclitus,
854 216 912 250 3b.
933 218 1030 250 Fidei
1053 219 1229 251 catholicae

244 255 374 296 Martyr
398 260 431 290 et
455 259 599 301 eximius,
936 265 1047 298 Cultor
1072 268 1104 297 et
1128 267 1281 299 ecclesiae

293 303 405 336 Dulcis
429 310 541 345 pastor
564 309 679 350 ovium,
981 312 1082 344 Tutor
1107 316 1156 345 est
1178 313 1330 347 fidelium.

161 359 219 391 4a.
241 358 391 392 Judicum
416 364 574 396 sententia
851 367 909 400 4b.
931 368 1086 409 Vincitur,
1114 369 1305 411 confoditur,

245 405 349 439 Datur
373 409 416 441 ad
441 411 609 453 supplicia,
933 414 1045 455 Ferro,
1071 417 1163 457 stylis
1191 418 1348 451 scinditur

292 454 376 486 Dum
400 466 465 488 non
489 458 571 490 libat
593 460 700 500 idolis,
981 462 1051 494 Suis
1077 473 1097 495 a
1122 464 1297 505 discipulis.

163 509 220 542 5a.
246 509 387 551 Expleto
412 515 577 556 martyrio,
853 518 912 551 5b.
933 517 1068 551 Praesul
1091 521 1181 553 urbis
1207 521 1373 564 Sabionac,

247 558 369 591 Nactus
401 560 486 592 vitae
509 561 621 595 bravio
936 565 1003 597 Nos
1028 576 1172 608 agnosce,
1198 572 1309 608 pastor
1332 571 1423 612 bone,

295 605 429 639 Fruitur
454 609 655 649 coelestibus,
985 614 1074 646 Coeli
1096 615 1230 656 jungens
1258 617 1389 649 civibus.

239 669 324 697 Miss.
351 678 403 697 ms.
430 671 605 700 Brixinense
631 675 702 700 anni
730 672 811 702 1372.
833 676 901 704 Cod.
922 677 1117 713 Oenipontan.
1144 678 1209 708 295.
1228 695 1267 700 -—
1285 683 1354 710 Mel.
1377 682 1477 717 jeden-

161 706 245 735 falls:
266 707 342 735 Veni
364 711 465 736 sancte
485 711 615 745 spiritus.

609 774 662 806 171.
703 775 745 807 De
765 778 872 809 sancto
891 778 1024 811 Castulo.

162 830 218 862 Ia.
247 830 349 863 Jubar
376 833 450 864 miri
478 834 617 875 luminis,
852 839 909 872 ib.
931 840 1049 872 Valens
1076 841 1171 874 decus
1194 843 1339 882 militum,

246 877 342 910 Sidus
367 880 445 912 almi
469 882 619 922 numinis,
932 887 1107 919 Roseorum
1132 889 1275 929 stipitum

246 924 360 958 Clarae
384 928 464 959 lucis
490 929 581 961 radio
928 934 1108 975 Martyrum
1132 934 1190 968 flos
1214 946 1405 978 purpurans,

245 972 360 1005 Mundi
386 975 510 1007 clarens
535 977 651 1017 stadio,
930 981 1028 1013 Vanis
1054 982 1107 1014 hic
1130 991 1365 1016 remurmurans

244 1019 264 1051 V
273 1029 312 1051 ox
338 1030 454 1053 sonora
479 1028 658 1066 concrepet,
929 1028 1092 1060 Idolorum
1119 1030 1266 1070 cultibus,

246 1065 442 1107 Symphonia
465 1073 647 1111 perstrepet
929 1075 1052 1107 Mansit
1075 1077 1108 1108 in
1133 1077 1303 1110 insultibus

291 1114 455 1147 Castulum
479 1118 643 1149 zetarium.
976 1122 1071 1155 Fidei
1098 1125 1278 1156 armarium.

159 1171 217 1202 2a.
244 1171 389 1203 Noscens
418 1172 496 1204 belli
520 1174 603 1206 seria
847 1177 906 1210 2b.
930 1177 1025 1210 Casse
1050 1180 1150 1219 vn‘gis
1177 1181 1321 1213 caeditur

242 1217 348 1250 David
373 1228 432 1258 per
455 1222 609 1259 mysteria
928 1225 972 1257 Et
996 1226 1170 1265 plumbatis
1194 1228 1344 1268 laeditur,

242 1265 351 1305 Pergit
377 1267 418 1298 ad
444 1267 580 1307 imperia
932 1272 1053 1304 Pensus
1080 1273 1127 1305 sic
1151 1275 1335 1315 aggreditur

241 1313 360 1345 Summi
386 1314 470 1354 regis
496 1317 653 1358 strenuus,
928 1320 1052 1352 Poenas
1077 1323 1127 1352 ter
1152 1322 1313 1362 equuleas,

239 1360 270 1391 A
293 1361 429 1392 terrenis
453 1369 571 1393 vacuus
928 1367 1070 1400 Granum
1095 1368 1212 1408 linquit
1235 1370 1344 1409 paleas

239 1406 372 1439 Crucem
394 1408 490 1448 tollit,
517 1410 660 1449 sequitur
925 1415 1005 1447 Post
1028 1417 1188 1447 tormenta
1211 1417 1301 1448 varia

239 1453 400 1486 Christum
425 1457 457 1487 et
481 1457 694 1496 amplectitur.
925 1461 1036 1493 Massa
1064 1464 1219 1495 arenaria.

151 1510 208 1543 Sa.
236 1511 285 1542 Tu
309 1511 463 1545 virtutum
484 1512 627 1554 largifer,
840 1516 898 1550 3b.
920 1517 1046 1550 Laedat
1072 1519 1206 1551 daemon
1232 1521 1376 1561 callidus,

232 1558 448 1599 Triumphalis
474 1561 614 1601 armiger
921 1564 1113 1598 Patronatus
1136 1567 1261 1599 validus

232 1606 369 1646 Protege
392 1616 460 1649 nos,
488 1607 628 1649 Castule,
920 1611 985 1643 Det
1009 1616 1083 1652 post
1108 1615 1294 1647 transitoria

231 1652 281 1684 Ne
307 1654 446 1686 crudelis
470 1655 617 1687 hastulae
919 1660 1000 1692 Frui
1026 1661 1107 1692 coeli
1131 1662 1241 1702 gloria.

224 1717 311 1745 Grad.
332 1727 386 1746 ms.
406 1720 618 1757 Mosburgense
639 1723 710 1749 anni
731 1720 814 1750 1360.
838 1723 897 1751 Cm.
918 1724 1080 1753 Universit.
1101 1727 1269 1755 Monacens.
1292 1726 1356 1756 157.
1376 1729 1411 1757 A.
1427 1744 1465 1749 -—-

145 1755 230 1783 Miss.
253 1765 307 1783 ms.
325 1756 562 1786 Underdorfense
586 1760 657 1786 anni
683 1758 765 1788 1437.
788 1760 860 1789 Clm.
881 1759 1052 1790 Monacens.
1082 1762 1166 1793 7550.
1186 1765 1220 1792 B.
1243 1780 1277 1785 ——
1298 1767 1382 1794 Miss.
1409 1776 1462 1795 ms.

145 1793 324 1821 Monacense
348 1792 385 1822 23
396 1793 461 1823 054.
489 1804 565 1823 saec.
594 1795 638 1824 15.
661 1797 691 1824 C.
713 1797 769 1825 Cfr.
791 1799 874 1827 Miss.
897 1801 1087 1837 Frisingense
1114 1803 1183 1836 imp.
1212 1801 1295 1831 1579.
1314 1820 1354 1824 —-
1375 1806 1458 1833 Me1.:

142 1831 249 1858 Mundi
268 1834 420 1860 renovatio
440 1834 476 1860 A.

483 1906 543 1938 172.
581 1907 626 1939 De
646 1917 670 1939 s.
693 1908 846 1941 Christino
867 1918 935 1941 cum
954 1910 1119 1944 fratribus.

144 1965 201 2000 la,
228 1965 307 1997 Dies
331 1966 395 1998 ista
419 1968 601 2000 veneranda
832 1971 890 2004 lb.
912 1971 1118 2005 Exsultemus
1143 1983 1250 2007 omnes
1275 1976 1324 2008 rei

227 2013 346 2046 Pandit
368 2014 460 2047 nobis
487 2016 680 2049 celebranda
912 2019 958 2051 Et
983 2023 1144 2054 cantemus
1171 2022 1283 2055 laudes
1309 2023 1348 2064 ei,

273 2061 454 2102 Martyrum
479 2063 642 2104 solemnia,
961 2067 1021 2107 Qui
1044 2073 1159 2109 regnat
1183 2078 1253 2101 cum
1277 2071 1389 2112 gloria.

140 2118 195 2149 2a.
221 2117 351 2150 Laudes
377 2119 447 2152 Deo
471 2118 590 2152 fratres
617 2121 746 2161 dabant,
830 2123 888 2158 2b.
910 2124 1068 2157 Miserere
1092 2127 1318 2168 personabant,

221 2165 307 2198 Dum
332 2175 367 2198 se
391 2167 489 2208 virgis
514 2168 711 2208 vapulabant
909 2171 1017 2204 Jesum
1043 2172 1202 2205 Christum
1226 2175 1418 2208 invocabant

267 2215 332 2247 Pro
360 2214 486 2247 Christo
511 2216 706 2260 asperrimis,
959 2220 1063 2253 Corde
1088 2229 1158 2253 cum
1182 2222 1340 2262 suspiriis.

137 2272 193 2304 3a.
220 2271 265 2303 Hi
292 2271 332 2303 de
356 2272 464 2304 multis
489 2274 656 2305 tacuerunt
827 2275 886 2310 3b.
906 2277 988 2318 Regi
1011 2277 1137 2311 Christo
1162 2279 1385 2322 adhaeserunt,

218 2319 263 2351 Et
286 2328 320 2351 se
341 2320 447 2352 nullos
473 2321 680 2354 crediderunt
908 2324 1038 2357 Florem
1068 2326 1179 2358 mundi
1205 2328 1407 2361 calcaverunt

264 2367 470 2400 Detestantes
496 2368 583 2409 vitia,
957 2373 1144 2406 Devitantes
1171 2375 1313 2410 crimina.

1240 2429 1282 2460 9*
